2242 3875
230 544 272 616 '48'
415 546 753 651 AEnutnos

230 689 287 743 Aut
302 705 453 757 componete
468 714 526 764 opes
539 718 648 766 norant,
664 718 706 758 aut
719 721 817 772 parcere
832 718 933 774 pacton·
949 749 951 754 .

228 770 278 823 sed
291 773 378 834 tami,
392 792 466 840 atque
478 780 547 847 asper
561 786 630 837 villu
643 800 747 837 venatus
762 787 852 839 alebat.

115 864 117 873 ·
226 851 328 904 Primus
343 852 373 904 ab
385 860 490 912 etherio
504 865 578 917 venit
591 868 706 920 saturnus
722 870 853 935 Olympo,

226 934 310 981 Arm
323 934 394 986 J⁰Vi⁸
408 938 525 1003 fugiflssh
540 940 567 989 85
580 944 667 1009 regnis
679 948 740 996 exul
753 946 889 1013 ademptis·
921 935 926 941 ⁸

225 1005 252 1056 is
264 1022 342 1091 genus
355 1010 482 1074 indocile,
497 1031 524 1066 ac
536 1015 673 1079 dispersum
686 1021 814 1073 montibus
826 1025 884 1076 altit

225 1088 391 1154 Composuit,
404 1091 519 1157 legesque
533 1093 620 1154 dedit,
633 1096 786 1162 Latiumque
800 1103 888 1156 vomi
923 1130 927 1136 -

223 1170 336 1231 Maluit,
349 1172 389 1222 his
405 1172 526 1234 quoniam
540 1174 648 1226 latuisset
661 1190 729 1228 tutus
742 1180 771 1231 in
786 1185 849 1237 oris.

222 1254 309 1303 Aurea
320 1267 374 1315 quat
387 1250 538 1315 perhibent,
548 1252 598 1304 illo
613 1251 656 1305 sub
666 1270 727 1322 aege
740 1261 842 1312 fueruit

221 1332 330 1383 Saecula:
344 1328 376 1382 fic
387 1330 483 1395 placida
494 1333 599 1396 populos
614 1330 642 1380 in
655 1345 715 1395 pace
729 1333 841 1399 tegebat.

220 1412 344 1466 Deterior
357 1410 437 1463 donec
450 1408 572 1476 paulatim
587 1423 616 1459 ac
629 1407 731 1460 decolot
747 1425 822 1473 aetas,

219 1497 253 1549 Et
267 1492 331 1546 belli
344 1488 438 1553 tabita,
449 1490 477 1540 ic
491 1504 563 1539 amor
574 1485 682 1540 succellit
691 1486 812 1541 habendi.

218 1578 292 1628 Tum
302 1587 390 1625 manua
401 1568 530 1629 Ausonia,
544 1567 572 1619 ic
583 1579 671 1632 gentes
684 1562 778 1619 venire
793 1567 889 1621 Sicanae
898 1588 922 1640 ς,

217 1660 310 1725 Saepius
320 1660 346 1708 &
361 1669 457 1706 nomen
472 1650 554 1716 posuit
566 1649 680 1701 Saturnia
694 1650 779 1701 tellus.

218 1750 292 1800 Tum
303 1758 388 1809 reget,
403 1738 519 1801 asperque
533 1736 645 1786 immani
661 1752 764 1802 corpore
778 1736 892 1802 prtisa
913 1737 920 1746 '

217 1831 245 1881 Α
258 1841 308 1889 quo
321 1824 371 1888 post
384 1819 443 1869 Itali
458 1816 567 1868 fluvium
582 1820 736 1883 cognomine
748 1819 859 1884 prxim

131 1962 133 1965 ,
215 1909 355 1964 Diximust
375 1898 459 1952 amitit
471 1913 562 1950 verum
574 1911 645 1950 vetut
659 1898 753 1954 Albula
768 1920 876 1957 nomen.
934 1954 939 1961 ,

215 1991 263 2042 Me
275 1983 373 2051 pulsum
380 1980 473 2046 patna,
481 1977 611 2043 pelagique
620 1991 736 2030 extrema
742 1979 886 2044 sequentem
895 2010 919 2051 5.

214 2072 325 2124 Fortuna
337 2061 517 2125 omnipotens,
530 2056 558 2106 δι
572 2052 734 2107 ineluctabile
748 2060 830 2110 fatum
837 2090 849 2121 ,

213 2153 264 2205 His
276 2142 377 2214 posuere
392 2138 471 2190 locis:
484 2130 618 2197 matrisque
633 2130 709 2200 egere
721 2135 855 2188 tremenda

212 2236 359 2299 caementis
379 2228 509 2295 Nympha
532 2225 634 2280 monita
649 2253 660 2286 ,
676 2224 706 2277 ic
726 2225 798 2279 Deus
819 2226 914 2281 eucine.

304 2318 414 2385 Apollo.

235 2456 294 2507 Vix
299 2469 328 2502 ca
334 2451 408 2502 diun
415 2449 507 2503 dehinc
515 2443 651 2514 progressus
662 2440 782 2494 monstrat
791 2442 916 2505 &aram,'

213 2531 444 2588 Etcarmentalem
456 2533 575 2581 Romano
587 2521 692 2574 nomine
707 2534 823 2585 portam5
910 2561 915 2567 .

212 2612 299 2674 Qam
313 2623 456 2661 memorant
469 2606 616 2676 Nymphae,
629 2601 736 2670 pnicum
751 2595 912 2661 Carmentis„

300 2685 427 2735 honorem

209 2763 287 2818 Vatis
300 2761 427 2821 fatidicae,
441 2760 533 2814 cecinit
546 2777 600 2826 quae
613 2759 694 2827 prima
703 2757 799 2809 funuot

209 2838 335 2900 AEneadaa
347 2852 468 2901 magnos,
483 2839 510 2889 ic
524 2839 610 2891 nobile
624 2839 793 2891 Pallanteum.

208 2924 280 2978 Hinc
291 2922 377 2999 lucum
383 2917 533 2984 ingentem,
545 2934 622 2985 quem
631 2919 757 2974 Romulus
768 2927 823 2968 acet
833 2909 909 2975 Asp:

296 3001 353 3053 lum
796 2992 901 3050 Retulit
