2242 3875
247 543 303 595 104
415 526 758 587 AENEIDOS

242 685 309 736 Tros
323 680 461 735 Rutulusne
472 684 541 741 fuat,
554 682 627 732 nullo
636 679 783 733 discrimine
793 676 908 737 habebor

241 761 291 809 Seu
305 758 363 811 fatis
376 755 470 809 Italism
486 759 559 809 castra
571 755 700 808 obfidione
716 771 853 818 tenentur,

241 838 303 887 Sive
318 851 404 889 errore
415 840 486 889 malo
500 834 587 899 Troiae
602 831 754 903 monitisque
769 830 881 884 sinistris.

241 914 301 966 Nec
308 914 418 966 ¹Rutulos
429 913 519 965 solvo:
536 911 577 980 spa
593 913 679 975 cuique
693 908 780 962 exorsa
793 908 906 961 laborem

242 991 429 1055 Fortunamque
436 994 528 1043 ferent.
537 994 595 1041 Rex
604 990 700 1054 Jupiter
712 987 830 1040 omnibus
852 986 935 1038 idem.

241 1072 304 1124 Fata
316 1074 386 1124 viam
397 1075 541 1126 invenient.
556 1072 638 1137 Stygii
653 1086 696 1135 per
705 1068 813 1124 flumina
828 1071 935 1132 fratris,

242 1151 291 1202 Per
304 1151 359 1215 pice
372 1164 496 1203 torrentes
513 1164 614 1213 atraque
632 1147 755 1213 voragine
767 1147 831 1212 ripas
912 1146 915 1152 '

243 1228 361 1286 Annuit,
372 1228 399 1278 δι
412 1242 497 1279 totum
514 1240 576 1277 nuru
588 1224 727 1277 tremefecit
738 1226 892 1289 Olympum.

242 1304 296 1358 Hic
308 1302 368 1355 finis
380 1303 449 1355 fandi
463 1321 470 1354 ι
485 1302 550 1354 solio
567 1317 622 1354 tum
636 1301 732 1366 Jupiter
746 1314 820 1351 nureo

243 1384 340 1453 Surgit,
347 1383 478 1438 Coelicolae
487 1382 604 1435 medium
611 1397 686 1446 quem
692 1381 724 1433 ad
732 1379 822 1433 limina
831 1376 937 1434 ducunt.

276 1544 376 1596 Interea
390 1546 480 1597 Rutuli
496 1546 575 1611 portis
591 1541 689 1597 circium
698 1540 814 1595 omnibus
827 1541 918 1593 instant

245 1628 362 1679 Sternere
380 1626 445 1677 coede
460 1626 545 1686 viros,
559 1626 689 1677 &moenia
700 1625 802 1689 cingere
814 1620 938 1675 flammis.

245 1708 285 1756 At
301 1706 370 1766 legio
385 1702 532 1755 AEneadsim
548 1698 856 1761 annumerarentur,

244 1780 303 1835 Nec
316 1778 370 1845 spes
382 1782 435 1831 ulla
446 1784 528 1845 fugat:
543 1777 630 1829 miseri
642 1778 703 1827 stant
718 1773 825 1826 turribus
839 1773 896 1825 altis

245 1863 485 1925 Nequidquam&
499 1878 553 1913 rara
568 1874 654 1910 muros
675 1854 779 1909 cinxire
796 1873 901 1909 corona·

246 1939 322 1995 Aius
337 1941 503 2002 Imbrasides,
518 1939 726 2002 Hicetaoniuique
739 1941 913 2004 Thymoeres,

245 2019 405 2082 Assaracique
413 2019 482 2076 duo,
495 2021 522 2070 dc
535 2017 619 2071 senior
630 2033 688 2068 cum
698 2019 799 2072 Castore
808 2016 939 2082 Thybris,

246 2093 333 2145 Prima
346 2095 427 2144 acies:
442 2096 489 2146 hos
500 2093 613 2161 germani
625 2093 774 2166 Sarpedonis
786 2091 862 2144 ambo

247 2165 282 2216 Et
296 2170 400 2227 Clarus,
414 2168 441 2218 &
456 2171 571 2220 Hormou
586 2167 663 2231 Lycia
676 2165 939 2220 comitanturabalta·

247 2244 308 2296 Fert
323 2245 415 2312 ingens
428 2259 484 2298 toto
495 2246 618 2298 connixus
630 2261 735 2311 corpore
748 2244 855 2306 saxum,

248 2323 324 2374 Haud
329 2340 428 2390 partem
435 2325 554 2389 exiguam
564 2327 676 2386 montis,
686 2324 817 2390 Lyrnesius
826 2329 939 2384 Acmon,

248 2403 307 2454 Nec
314 2403 403 2464 Ciprio
411 2403 526 2468 genitore
536 2403 641 2463 minor,
651 2420 696 2456 nec
704 2405 781 2455 fratre
795 2405 938 2456 Mnestheo·

251 2481 288 2531 Hi
304 2480 411 2542 jaculis,
423 2482 465 2531 illi
479 2496 575 2533 certant
589 2481 723 2534 defendere
737 2480 821 2542 saxis,

250 2561 389 2625 Molirique
403 2562 508 2628 ignem,
521 2580 647 2628 nervoque
660 2579 742 2632 uptote
755 2562 867 2631 sagittas,

250 2639 306 2706 Ipse
320 2643 388 2692 inter
402 2641 517 2704 medios,
530 2645 641 2697 Veneris
652 2644 776 2708 iustifflma
791 2659 869 2706 cura,

249 2714 393 2770 Dardanius
403 2729 473 2780 caput
483 2731 539 2768 ecce
552 2734 613 2783 puer
622 2718 732 2773 cennos
746 2720 896 2784 honestum

244 2799 345 2862 ,Qualia
359 2813 463 2865 gemma
469 2800 832 2867 micar,fu1rumqo2dividir
839 2820 942 2866 aurum,

253 2882 310 2937 Aut
319 2876 472 2932 couodscu
485 2891 528 2934 aut
547 2879 623 2947 capiti
630 2898 641 2946 3
653 2882 778 2950 velquaie
785 2898 830 2952 per
842 2900 924 2942 artem
