2242 3875
343 514 784 581 {incomitum
888 537 911 584 v

263 772 868 902 unoumuurum

313 994 498 1057 LIBRI
538 993 814 1056 OCTAVI·

319 1157 457 1219 Uruus
486 1154 637 1217 Venulum
668 1153 704 1215 ad
733 1153 910 1222 Diomeden

312 1252 422 1324 mittit,
448 1267 480 1311 ut
501 1270 570 1322 eum
593 1250 629 1311 ad
649 1251 720 1311 belli
742 1250 909 1315 societatem

214 1348 333 1410 alliciat.
354 1352 481 1419 AEneas,
498 1346 635 1426 Tybetini
658 1344 741 1408 fluvii
772 1346 908 1422 monitu,

213 1442 270 1505 iter
283 1445 388 1507 eodem
408 1441 527 1507 confilio
539 1442 652 1532 suscipit
666 1443 702 1504 ad
719 1442 907 1517 Evandrum,

214 1535 264 1616 qui
285 1557 323 1597 ex
343 1535 464 1597 Arcadia
486 1535 625 1619 profugus
636 1535 667 1597 in
683 1535 815 1597 Palatino
825 1557 907 1598 mon.

212 1645 244 1691 te
265 1629 441 1694 consederat.
470 1630 635 1701 Evander,
666 1628 749 1698 sacris
773 1630 904 1698 Herculii

212 1741 279 1796 tum
299 1724 445 1797 intentus,
458 1729 580 1785 AEneam
588 1724 688 1786 iisdem
704 1726 838 1788 adhibet:
850 1747 905 1789 eo·

211 1844 280 1885 rurn
305 1822 448 1906 originem
473 1822 576 1883 edocet
596 1863 607 1895 ,
625 1820 775 1883 victoriam
795 1819 905 1896 scilicet

213 1914 349 1977 Herculis
364 1913 399 1975 de
426 1916 533 1988 Caco,
561 1913 690 1998 regionis
710 1915 787 1976 illius
805 1911 905 2000 insigni

213 2015 290 2083 olim
305 2015 444 2096 predone.
466 2019 545 2076 Tum
558 2020 679 2076 AEneam
700 2016 904 2100 quadraginto-

213 2130 283 2171 rum
306 2108 435 2188 equitum
456 2109 576 2168 subsrdio
597 2112 698 2192 juvatz
720 2109 817 2169 iisdem
832 2111 904 2171 Pal-

213 2211 328 2274 lantem
338 2209 431 2278 filiurn
444 2209 561 2291 praeficit
574 2232 582 2268 ε
597 2213 716 2269 AEneam
729 2210 765 2271 ad
777 2212 905 2291 Tyrrhe·
920 2217 924 2226 ’

215 2327 290 2378 nos,
312 2306 433 2395 expulso
448 2305 598 2368 Mezentio
619 2326 720 2389 regem
738 2307 906 2388 poscentes,

215 2425 286 2465 curn
314 2423 393 2467 certa
413 2403 495 2488 regni
524 2403 682 2482 auxiliique
703 2403 751 2484 spe
780 2403 908 2465 dimittit.

215 2507 319 2574 AEneas
331 2493 465 2586 postridie
478 2543 488 2577 ,
504 2521 583 2582 parte
606 2503 693 2566 altera
705 2501 851 2594 copiarum
864 2500 908 2589 se-

215 2599 313 2667 cundo
331 2597 449 2667 flumine
461 2598 496 2657 ad
509 2597 572 2658 suos
584 2596 716 2670 remissi,
730 2619 796 2661 cum
816 2592 906 2658 altera

214 2695 379 2774 Tyrrhenos
392 2693 459 2762 adit.
476 2694 596 2755 Interim
606 2695 707 2772 Venus
719 2714 797 2753 arma
811 2697 907 2759 AEneae

215 2785 270 2848 suo
295 2787 381 2855 defert
393 2785 409 2856 ,ὲ
422 2787 557 2855 Vulcano
584 2787 742 2857 fabricata:
771 2786 908 2864 clypeum

213 2880 374 2967 imprimis,
393 2882 423 2944 in
436 2905 496 2968 quo
509 2887 612 2950 AEneas
630 2905 674 2948 res
692 2878 823 2963 praeclare
838 2877 910 2940 oum

711 2979 758 3036 23
816 3019 823 3052 r
