2242 3875
269 558 327 612 116
455 548 805 617 ‘AEN-EIDOS

264 714 392 767 Evandria
406 730 484 780 quem
495 714 528 767 fic
540 718 621 770 Pallas
635 720 698 782 petit
706 733 764 771 anre
776 732 904 787 precatui:

264 792 307 845 Da
320 810 404 919 11ch,
418 794 518 859 Thybri
531 810 616 859 pater,
631 800 716 857 ferro,
731 796 798 860 quod
811 797 902 847 miffile
917 795 953 847 li·

374 885 422 929 10,

264 946 423 1012 Fortunam,
437 964 510 1015 atque
525 950 596 1002 viani
608 948 665 1002 duri
680 965 725 1015 per
735 952 818 1015 pertus
831 947 933 1001 Halesi:

265 1030 328 1081 Haec
338 1046 409 1081 arma
422 1021 571 1095 auviasuue
587 1032 636 1083 viri
645 1047 686 1083 tua
700 1046 800 1094 quercus
811 1028 924 1083 habebit.
938 1041 944 1049 ·

265 1107 360 1159 Audiit
376 1108 422 1157 illa
435 1110 522 1159 Deua:
533 1107 596 1157 dnm
609 1108 677 1158 texit
690 1109 794 1159 Imaona
807 1106 928 1169 Halesus,

265 1185 378 1237 Arcadio
389 1186 484 1237 infelix
501 1188 555 1238 telo
570 1186 613 1239 dat
625 1188 709 1251 peetus
723 1188 865 1241 inermum.
940 1199 944 1210 ·

287 1335 327 1382 At
339 1348 392 1383 non
403 1334 470 1385 caede
480 1335 532 1384 viri
544 1333 614 1388 tanti
628 1336 760 1401 perterrita
772 1335 884 1397 Lausus,

263 1407 322 1458 Pars
334 1408 424 1475 ingens
438 1410 502 1462 belli
511 1409 587 1470 ‚finit
598 1414 708 1479 agmina.
717 1417 816 1468 Primus
825 1412 955 1466 Abantem

264 1486 414 1553 Oppofituan
423 1490 567 1551 interimit,
583 1503 672 1555 pugnae
683 1492 827 1557 nodumque
842 1503 956 1542 morant·

364 1579 424 1627 que·

264 1642 388 1693 Sternitur
402 1639 519 1693 Arcadiae
529 1644 630 1706 molera
647 1643 786 1695 sternuntur
799 1638 893 1694 Etrusci
904 1657 915 1706 ς

263 1719 368 1778 Bevus,
383 1717 400 1767 ὁ
417 1718 502 1770 Graiis
515 1716 651 1781 imperdita
665 1732 782 1783 corpora,
793 1718 899 1767 Teucri.

263 1795 380 1858 Agmina
388 1808 537 1843 concurrunt
546 1823 555 1851 ‚
564 1792 711 1856 ducibusque
721 1794 748 1843 δε
758 1790 852 1848 uribua
860 1790 955 1855 equita

263 1870 381 1923 Extremi
390 1867 526 1921 addensant
538 1870 619 1921 acies:
635 1886 681 1921 nec
696 1868 767 1921 turba
778 1868 878 1919 moveri

262 1954 331 2004 Tela
339 1949 473 2014 manusque
486 1951 552 2002 finit.
563 1953 630 2003 Hinc
644 1955 725 2004 Pallas
737 1951 809 2004 instat
817 1949 845 2000 δι
855 1963 951 2020 urgetg

262 2034 330 2088 Hinc
339 2047 425 2085 contra
432 2031 536 2085 Lausus:
550 2030 612 2094 [nec
625 2034 736 2084 multum
745 2030 865 2096 discrepat
874 2026 950 2091 aetasi

260 2114 366 2180 Egregii
381 2112 479 2175 forna,
491 2111 533 2164 sed
545 2113 613 2176 queit
626 2115 727 2165 fortuna
740 2127 842 2180 negarat

259 2195 293 2246 In
306 2196 412 2261 patriam
420 2197 525 2248 reditus.
539 2193 607 2259 Ipsos
622 2208 770 2247 concurrere
783 2195 860 2258 passus

259 2272 335 2324 Haud
351 2286 436 2324 tamen
449 2273 517 2324 inter
532 2270 558 2323 se
575 2269 663 2336 magni
673 2283 792 2335 regnator
806 2269 934 2336 Olympia

260 2351 326 2402 Mox
341 2348 402 2400 inor
417 2344 457 2397 sua
469 2348 519 2396 fata
532 2358 637 2396 manent
650 2344 746 2406 majore
761 2340 805 2395 sub
818 2343 899 2398 hoste.

279 2510 380 2563 Interea
394 2509 466 2564 soror
477 2512 545 2561 aima
556 2521 645 2561 monet
663 2504 803 2563 succurrere
817 2508 899 2562 Lauso

257 2589 392 2649 Turnum,
403 2589 445 2652 qui
454 2585 551 2639 volucri
565 2590 636 2636 curru
644 2583 760 2636 medium
771 2585 836 2638 secat
844 2599 949 2652 agmen.

255 2668 294 2717 Ut
306 2663 372 2736 vidit
387 2665 481 2717 socios:
496 2667 611 2727 Tempus
626 2661 739 2714 defistere
751 2666 849 2728 prigna;

255 2744 328 2795 Solus
341 2756 389 2807 ego
405 2744 433 2793 in
447 2743 560 2793 Pallanta
572 2743 654 2803 fer013
672 2739 720 2792 soli
731 2741 798 2792 mihi
813 2741 894 2793 Pallas

253 2823 383 2878 Debetur:
397 2837 515 2887 cuperem
526 2818 578 2884 ipse
593 2833 679 2884 parens
693 2817 812 2885 spestator
823 2818 927 2875 adesset.

254 2904 317 2955 lioec
327 2900 378 2963 ait,
391 2899 419 2954 ἃ
434 2896 497 2952 socii
514 2899 636 2950 cesserunt
651 2909 748 2958 aequore
763 2893 835 2960 iussu.
918 2910 921 2917 ’
