2242 3875
145 503 319 621 eiij,
383 529 722 601 'muninus

174 918 177 937 ἲ
259 809 856 916 munumentum

267 1019 269 1023 ’
342 1015 777 1080 LIBRIDECIMI.

272 1174 433 1233 Uerrrzu
456 1176 598 1241 advocato
609 1182 744 1240 Deorum
761 1169 906 1243 coneilio,

272 1268 369 1329 frustra
389 1288 505 1332 conatus
529 1276 672 1343 lunonem
699 1292 733 1332 ac
758 1272 907 1332 Venerem

215 1362 246 1424 in
262 1364 445 1428 concordiam
469 1369 610 1433 adducere
627 1415 637 1444 ,
652 1372 688 1432 de
711 1367 906 1450 Trojanorum

215 1460 449 1545 Rutulorumque
469 1471 550 1530 rebus
569 1470 643 1531 inter
667 1472 694 1531 se
715 1468 872 1529 diffidentes
894 1506 906 1536 ,

215 1561 382 1637 pronuntiat
401 1564 428 1624 se
446 1586 610 1651 neutrarum
628 1568 752 1650 partium
763 1565 844 1636 fore,
860 1558 908 1623 sed

215 1654 280 1719 fatis
292 1662 388 1722 omnia
404 1664 611 1744 permiliurum.
631 1663 731 1725 Rutuli
744 1664 779 1723 ad
793 1683 909 1743 oppug-

216 1749 340 1811 uandam
359 1794 369 1824 ,
389 1757 507 1836 Trojani
528 1756 564 1815 ad
582 1756 784 1817 defendendam
807 1754 907 1814 urbem

217 1846 347 1909 redeunt.
365 1852 495 1922 AEneas,
518 1851 576 1912 dies
600 1852 710 1929 aliquot
743 1851 772 1911 in
795 1846 909 1908 Etruria

188 2022 192 2030 .
217 1961 433 2019 commoratus,
448 1948 575 2008 colledis
594 1948 659 2010 inde
673 1945 784 2010 auxiliis
794 1946 827 2006 ad
842 1945 908 2014 suot

218 2039 314 2113 redit,
328 2041 443 2128 triginta
460 2045 578 2105 navium
595 2044 676 2107 classe
688 2047 793 2105 audus.
811 2045 910 2120 Nym-

218 2137 312 2219 phas,
334 2137 421 2216 esuie
441 2139 559 2203 navibus
578 2163 642 2204 eam
652 2141 681 2203 in
702 2140 825 2221 speeiem
838 2156 910 2219 pau·

219 2229 254 2294 ld
274 2250 338 2294 ante
350 2234 557 2297 transformatas
571 2278 581 2310 ,
595 2238 625 2297 in
636 2237 735 2297 itinere
748 2237 847 2298 obvias
860 2234 910 2294 laa-

117 2346 121 2352 '
220 2333 279 2392 bet.
290 2331 376 2391 abiis
389 2325 424 2392 de
437 2331 551 2391 suorum
560 2331 689 2414 periculo
700 2331 803 2393 certior
813 2331 911 2402 fadus,

220 2428 273 2490 sub
292 2423 411 2504 primam
434 2426 532 2485 lucem
553 2429 705 2504 provetlus
728 2425 758 2485 in
775 2425 911 2507 conspee-

221 2535 285 2584 tum
306 2520 431 2581 hostium
458 2520 615 2583 exereitum
636 2522 666 2582 in
691 2523 757 2584 litus
779 2521 907 2602 exponit.

222 2617 388 2678 Occurrunt
408 2615 526 2688 Rutuli,
539 2614 743 2694 cornmiffoque
757 2615 837 2699 gravi
846 2638 910 2678 eer-

222 2716 351 2785 tamine,
365 2714 457 2773 Pallas
477 2711 494 2774 al
512 2717 613 2775 Turno
636 2713 802 2774 occiditur:
828 2715 911 2797 cujus

189 2880 200 2893 fi
223 2831 327 2874 necem
337 2807 403 2872 clun
414 2809 600 2872 ulcisceretur
614 2813 717 2872 AEneas
728 2804 831 2893 magnl
842 2809 911 2871 stra-

225 2930 285 2996 ge,
305 2917 333 2972 dt
351 2905 487 2972 Ascanius
499 2907 652 2992 eruptione
663 2902 733 2970 fatte
745 2910 840 2994 copiae
849 2907 910 2971 suat
