2242 3875
211 571 246 640 iv
406 573 721 634 AENEIDOS

212 731 303 797 modu
312 730 341 794 in
352 731 482 806 socium,
496 729 543 793 sed
553 727 663 794 oraculi
672 744 807 802 memor,
817 724 908 791 etiam

210 829 243 893 in
257 852 396 916 generum
417 828 551 893 admittit.
572 827 689 891 Interim
707 829 806 900 Juno,
823 828 906 907 pros·

212 928 289 1011 perii
310 929 505 1012 Troianorum
526 929 611 991 rebus
637 925 741 989 offensa
762 971 773 1003 ,
801 941 909 990 evocat

209 1018 317 1081 Alesto
330 1043 367 1085 ex
380 1024 488 1085 inferis.
502 1024 606 1083 Auno
626 1021 751 1103 primum
768 1024 907 1083 Amatam

212 1112 310 1175 Latini
329 1138 452 1180 uxorem
468 1116 508 1178 ita
532 1114 676 1188 concitat,
694 1134 726 1176 ut
735 1115 787 1176 illa
799 1112 909 1176 Bacchi

148 1272 150 1275 Α
213 1204 291 1267 sacra
301 1206 432 1268 fimulans
447 1206 535 1268 filiam
548 1204 700 1266 abscondat
710 1206 739 1265 in
750 1203 907 1266 montibus.

105 1384 108 1389 Ι
213 1302 345 1363 Turnum
364 1301 466 1364 deinde
485 1300 573 1363 Furiis
589 1298 689 1360 iitdem
709 1298 769 1383 agit
790 1297 821 1358 in
842 1298 909 1362 bel·

212 1396 299 1458 iumt
317 1403 344 1457 δι
357 1396 496 1477 Troianos
506 1387 677 1473 'Latinosque
690 1393 817 1457 invitem
827 1403 909 1478 tom·

214 1490 302 1551 mittit
322 1510 332 1562 ς
352 1487 447 1551 occist>
470 1507 520 1570 per
541 1487 695 1549 Ascanium
721 1506 834 1559 cervo,
855 1485 907 1566 qui

212 1586 334 1665 Tyrrhei
351 1584 468 1665 pastoris
488 1582 559 1666 regii
584 1581 645 1643 filio
657 1599 716 1641 erat
734 1582 766 1642 in
785 1580 906 1645 delitiis.

214 1682 359 1745 Omnibus
394 1682 506 1741 bellum
537 1678 720 1740 frementibus
745 1719 756 1751 ,
788 1679 906 1744 Latinus
930 1694 933 1698 “

213 1801 289 1850 unus
312 1776 444 1839 obfistit:
470 1796 594 1849 tamen,
619 1777 733 1845 Junone
754 1772 814 1858 ipsi
834 1780 908 1843 belli

217 1895 311 1964 portas
324 1876 490 1959 aperiente,
513 1896 576 1940 rem
596 1873 657 1935 fatis
680 1876 845 1955 permittere
857 1898 909 1942 to·

216 1983 305 2066 gitur.
321 1978 482 2041 Confluunt
499 1978 534 2038 ad
555 1980 686 2038 Turnum
711 1996 748 2038 ex
772 1979 908 2046 omnibus

217 2077 312 2138 Italiae
325 2072 448 2155 partibus
472 2069 600 2132 auxiliat
624 2067 805 2142 Mezentius,
830 2072 908 2157 ejus-

218 2191 278 2252 que
298 2170 373 2232 filius
397 2166 523 2241 Lausus,
544 2186 610 2228 cum
632 2162 793 2248 Agyllinis3
808 2168 908 2232 Catil.

221 2267 304 2329 ius&
315 2269 408 2329 Coras
419 2285 486 2326 cum
498 2258 672 2337 Tiburtinis3
688 2259 826 2326 Caeculus
839 2284 908 2334 tum

218 2357 414 2441 Ptaenestiuis,
432 2363 488 2422 &c-
