2242 3875
298 565 451 622 rrurn
480 565 799 627 uunrcrnrur.
834 582 890 644 ιιι

210 714 272 807 Nee
285 720 395 783 plaustris
411 725 503 777 cessant
519 725 617 778 veclrre
638 726 794 793 gementibus
812 744 897 780 ornos.

245 874 277 923 Et
288 871 339 934 iam
351 878 418 929 fama
434 881 522 931 volans
530 909 539 940 ‚
547 879 613 931 tanei
625 880 767 944 praenuncir
780 877 878 938 luctis,

210 952 376 1017 Evandrum,
390 958 548 1023 Evandrique
561 959 670 1019 domur,
685 960 712 1010 dc
725 959 821 1009 moenir
830 973 901 1008 com-

317 1043 354 1092 let

211 1119 280 1181 Quor
290 1055 369 1172 gold
379 1123 504 1175 viliorem
515 1122 591 1174 Latio
607 1123 718 1173 Pallanta
731 1120 835 1174 ferebat.

213 1201 326 1253 Arcades
340 1202 371 1254 ad
385 1219 466 1269 portas
480 1220 569 1264 ruere,
583 1204 610 1253 dc
624 1203 657 1254 de
673 1221 746 1257 more
756 1205 851 1257 vetullu

213 1278 338 1330 funereas
353 1280 452 1344 rapuere
465 1284 546 1332 facer:
564 1283 629 1330 lucet
643 1280 686 1329 ria
695 1283 776 1345 longo

213 1352 315 1403 Ordine
329 1352 505 1413 flammarum,
520 1353 547 1402 δε
560 1356 611 1403 late
628 1351 785 1405 discriminat
797 1366 880 1418 agros«

212 1436 312 1485 Contra
320 1432 391 1484 turbo
398 1432 638 1498 Phrygumrcnicnr
646 1431 904 1496 plangentiaiungunt

213 1515 354 1576 Agmina:
371 1528 424 1575 quae
434 1515 561 1577 postquqm
575 1525 666 1560 matres
677 1509 805 1562 succedere
818 1510 890 1562 tretis

211 1591 488 1651 Viderunt‚moellnm
496 1591 635 1642 incendunt
648 1588 797 1641 clamoribus
806 1587 904 1639 urbem.

212 1676 257 1725 Ar
270 1687 322 1722 non
335 1671 479 1724 Evandrum
489 1672 555 1737 poris
568 1672 601 1721 est
616 1670 655 1720 vis
671 1670 722 1719 ulla
737 1682 841 1733 tenere3

210 1750 265 1803 Sed
280 1751 391 1802 venitin
403 1749 513 1800 medios:
528 1750 647 1815 pheretro
661 1748 774 1798 Pallanta
784 1748 880 1811 reposto

209 1834 358 1888 Procumbit
372 1836 443 1901 super
458 1868 467 1893 ‚
481 1851 553 1901 atque
568 1835 645 1887 haeret
660 1832 845 1899 lacrymansque
857 1848 903 1900 ge·
921 1899 926 1908 Ι

303 1917 422 1983 mensque
434 1938 443 1982 ς

212 1993 249 2044 Et
261 1991 303 2040 via
320 1992 368 2041 vix
382 1990 485 2040 tandem
499 1987 557 2038 voci
571 1988 654 2037 laxata
667 1985 757 2039 dolore
772 1990 822 2043 eli:

210 2069 279 2122 Non
294 2069 348 2117 haec
359 2098 368 2126 ,
380 2067 397 2116 d
410 2067 494 2123 Palla,
511 2064 614 2114 dederas
625 2065 742 2127 promilsa
753 2067 867 2128 parenti,
921 2057 928 2103 ’-

210 2148 321 2202 Cautius
330 2160 358 2196 ut
373 2145 439 2195 saevo
451 2146 530 2195 velles
542 2156 568 2193 te
582 2143 683 2193 credere
700 2144 789 2195 Marti.

210 2225 293 2280 Haud
301 2226 402 2291 ignarus
408 2235 620 2285 eram,quantum
629 2238 694 2273 nova
703 2224 784 2287 gloria
793 2225 821 2274 in
830 2227 906 2279 armi!

212 2311 250 2361 Et
259 2309 382 2374 praedulce
391 2308 465 2359 decus
480 2308 564 2372 primo
576 2306 713 2356 certamine
729 2307 816 2370 pollet.
884 2325 887 2329 ·

209 2387 340 2444 Primiriae
354 2387 453 2450 iuvenis
466 2385 582 2445 miserae,
599 2383 709 2447 bellique
719 2386 850 2452 propinqui
934 2378 939 2387 ¹

209 2470 286 2522 Dura
297 2465 458 2527 rudimenta,
468 2467 495 2517 dc
506 2464 572 2514 nulli
587 2464 703 2515 exaudita
715 2467 831 2521 Deorum
916 2506 922 2514 .

210 2547 308 2604 Vota,
317 2542 446 2608 precesque
460 2544 539 2596 meae!
553 2543 670 2605 tuque,d
681 2542 825 2602 santiillima
840 2566 902 2603 con.

305 2635 370 2683 qux,

211 2699 294 2751 felix
303 2713 388 2752 morte,
397 2713 454 2754 rua,
464 2714 543 2762 neque
556 2700 585 2751 in
598 2700 664 2751 hunc
673 2699 767 2755 servata
773 2704 906 2759 dolorem.
925 2754 928 2760 .

211 2779 314 2827 Contra
326 2787 375 2837 ego
389 2775 499 2827 vivendo
512 2776 564 2828 vici
580 2790 637 2824 mea
649 2776 698 2826 fata
707 2775 823 2843 superstes
838 2808 847 2837 ‚

210 2854 344 2906 Restarem
355 2867 381 2902 ur
395 2856 510 2918 genitor:
524 2858 626 2905 Troum
634 2852 699 2905 socia
711 2874 779 2906 arma
792 2857 903 2908 secutum

208 2927 360 2985 obruerent
372 2931 461 2982 Rutuli
474 2932 533 2985 telis
547 2961 557 2993 ‚
574 2930 687 2983 animam
697 2932 748 2996 ipse
764 2933 905 2988 dedill'emr
