2242 3875
324 512 755 580 nocumenta,
872 510 906 586 ix

213 673 337 755 paternis
355 675 522 755 adjunxisset
539 696 550 747 3
573 679 649 746 Juno
668 680 800 738 Turnum
827 690 919 754 pras·¹

211 767 284 828 senti
294 768 424 850 periculo
435 770 518 849 eripit
529 810 540 840 ,
551 764 662 848 objeiii
672 768 716 830 illi
726 766 794 831 [alsi
806 773 903 830 AEneae

210 861 370 947 imagine:
399 886 484 943 quam
506 863 558 925 ille
583 863 742 946 fugientem
760 864 796 925 ad
814 864 903 942 usque
995 910 1000 917 .

217 978 326 1021 navem
337 958 406 1018 dum
420 958 567 1037 sequitur,
584 958 747 1021 retinaculis
759 958 776 1020 i
787 965 903 1039 Junone

213 1053 304 1133 ruptis
323 1052 358 1112 ad
382 1051 467 1112 litora
490 1051 589 1114 Ardeae
619 1052 750 1133 proxima
775 1052 807 1114 vi
829 1070 904 1113 tem-

214 1143 326 1228 pestatis
352 1143 498 1223 abripitur.
525 1142 689 1204 Mezentius
722 1165 824 1226 pugne
849 1165 904 1224 pro

215 1243 315 1302 Turno
338 1236 512 1310 succedens,
528 1243 555 1298 δι
571 1235 647 1297 filius
665 1237 803 1300 Mezentii
823 1224 903 1300 lauss

215 1330 283 1401 sus,
306 1329 342 1388 ab
365 1319 651 1393 momordisset.—

212 1489 903 1552 minuamus<

266 1594 862 1692 assumseram

313 1775 463 1879 ctum
503 1771 801 1839 UNDECIMI.

278 1922 447 1985 Osi-m
467 1920 516 1984 die
537 1918 630 1983 vidos
656 1923 757 1981 AEneas
780 1917 815 1979 de
836 1916 903 1999 spo.

289 2021 335 2083 liis
351 2022 490 2084 Mezentii
508 2020 665 2102 tropheum
688 2018 773 2080 Marti
794 2016 902 2100 erigiti
999 2031 1016 2037 ··

213 2120 353 2183 Pallantis
379 2122 485 2183 mortui
512 2142 614 2201 corpus
631 2141 744 2203 *magno
766 2130 903 2197 apparatu

214 2214 251 2277 ad
268 2215 390 2278 Evandri
407 2217 509 2277 urbem
526 2213 664 2286 remittit,
676 2215 726 2274 ubi
736 2214 845 2274 summo
857 2230 904 2288 pa·

215 2312 263 2377 tris
285 2315 366 2376 lustu
385 2311 535 2395 excipitur.
551 2313 642 2375 Latini
652 2329 779 2375 oratores
791 2309 904 2372 duode-
927 2374 930 2378 ,

215 2406 273 2471 tim
295 2408 406 2471 dierum
429 2405 555 2468 inducias
567 2409 602 2467 ab
614 2411 702 2468 AEnea
717 2407 861 2477 obtinent,
875 2408 904 2466 ἃ
935 2459 942 2469 .

214 2496 329 2561 interim
351 2514 470 2575 uterque
481 2497 621 2559 exercitus
637 2500 780 2575 cadavera
788 2498 903 2562 suorum

214 2591 349 2673 supremis
365 2591 522 2653 honoribus
537 2594 722 2674 prosequitur.
745 2595 902 2665 Venulus,

217 2690 235 2750 e
252 2688 402 2751 Diomedis
418 2690 488 2749 urbe
500 2690 609 2763 redux,
623 2692 733 2752 nullam
748 2688 814 2752 indi
825 2689 904 2769 spem

218 2770 273 2845 esse
283 2782 401 2855 auxilii,
423 2781 527 2843 Latinis
543 2783 635 2845 resert.
655 2784 770 2847 Latinus
786 2805 858 2856 rex,
868 2781 903 2845 ei

218 2878 267 2964 spe
276 2872 421 2941 destitutus
432 2917 443 2951 ,
454 2894 614 2944 convocato
627 2877 754 2950 concisio
765 2920 776 2953 ,
789 2879 904 2963 tegam
