<?xml version="1.0" encoding="UTF-8"?>
<!DOCTYPE html PUBLIC "-//W3C//DTD XHTML 1.0 Transitional//EN"
    "http://www.w3.org/TR/xhtml1/DTD/xhtml1-transitional.dtd">
<html xmlns="http://www.w3.org/1999/xhtml" xml:lang="en" lang="en">
 <head>
  <title>
</title>
<meta http-equiv="Content-Type" content="text/html;charset=utf-8" />
  <meta name='ocr-system' content='tesseract 3.04.00' />
  <meta name='ocr-capabilities' content='ocr_page ocr_carea ocr_par ocr_line ocrx_word'/>
</head>
<body>
  <div class='ocr_page' id='page_1' title='image "./operacurisstudi02virggoog_0172.png"; bbox 0 0 2242 3875; ppageno 0'>
   <div class='ocr_carea' id='block_1_1' title="bbox 202 551 759 637">
    <p class='ocr_par' dir='ltr' id='par_1_1' title="bbox 202 551 759 637">
     <span class='ocr_line' id='line_1_1' title="bbox 202 551 759 637; baseline -0.009 -23"><span class='ocrx_word' id='word_1_1' title='bbox 202 558 310 637; x_wconf 76' lang='lat'>&#39;138</span> <span class='ocrx_word' id='word_1_2' title='bbox 433 551 759 618; x_wconf 79' lang='lat' dir='ltr'>&#39;AENEIDOS</span> 
     </span>
    </p>
   </div>
   <div class='ocr_carea' id='block_1_2' title="bbox 242 697 940 1171">
    <p class='ocr_par' dir='ltr' id='par_1_2' title="bbox 242 697 940 1171">
     <span class='ocr_line' id='line_1_2' title="bbox 245 697 940 771; baseline -0.004 -17"><span class='ocrx_word' id='word_1_3' title='bbox 245 701 361 756; x_wconf 82' lang='lat' dir='ltr'>Mezenti</span> <span class='ocrx_word' id='word_1_4' title='bbox 374 700 444 753; x_wconf 82' lang='lat' dir='ltr'>ducit</span> <span class='ocrx_word' id='word_1_5' title='bbox 454 701 572 759; x_wconf 80' lang='lat' dir='ltr'>exuvias,</span> <span class='ocrx_word' id='word_1_6' title='bbox 583 697 650 759; x_wconf 86' lang='lat' dir='ltr'>tibi,</span> <span class='ocrx_word' id='word_1_7' title='bbox 663 712 757 763; x_wconf 84' lang='lat' dir='ltr'>magne</span> <span class='ocrx_word' id='word_1_8' title='bbox 770 734 779 763; x_wconf 91' lang='lat'>‚</span> <span class='ocrx_word' id='word_1_9' title='bbox 791 716 914 771; x_wconf 73' lang='lat' dir='ltr'>tropaeum</span> <span class='ocrx_word' id='word_1_10' title='bbox 927 737 940 771; x_wconf 84' lang='lat'>‚</span> 
     </span>
     <span class='ocr_line' id='line_1_3' title="bbox 245 775 876 846; baseline 0.002 -13"><span class='ocrx_word' id='word_1_11' title='bbox 245 783 421 846; x_wconf 81' lang='lat' dir='ltr'>Bellipotens:</span> <span class='ocrx_word' id='word_1_12' title='bbox 438 793 505 845; x_wconf 86' lang='lat' dir='ltr'>aptat</span> <span class='ocrx_word' id='word_1_13' title='bbox 520 792 631 829; x_wconf 81' lang='lat' dir='ltr'>rotantes</span> <span class='ocrx_word' id='word_1_14' title='bbox 645 775 764 842; x_wconf 86' lang='lat' dir='ltr'>sanguine</span> <span class='ocrx_word' id='word_1_15' title='bbox 779 783 876 842; x_wconf 79' lang='lat' dir='ltr'>cristae,</span> 
     </span>
     <span class='ocr_line' id='line_1_4' title="bbox 245 850 938 924; baseline -0.003 -15"><span class='ocrx_word' id='word_1_16' title='bbox 245 860 360 921; x_wconf 84' lang='lat' dir='ltr'><strong>Telaque</strong></span> <span class='ocrx_word' id='word_1_17' title='bbox 376 873 461 908; x_wconf 87' lang='lat' dir='ltr'>trunca</span> <span class='ocrx_word' id='word_1_18' title='bbox 477 856 528 906; x_wconf 87' lang='lat' dir='ltr'>viri</span> <span class='ocrx_word' id='word_1_19' title='bbox 540 887 549 915; x_wconf 84' lang='lat'>,</span> <span class='ocrx_word' id='word_1_20' title='bbox 563 856 589 904; x_wconf 86' lang='lat'>&amp;</span> <span class='ocrx_word' id='word_1_21' title='bbox 603 852 641 904; x_wconf 81' lang='lat' dir='ltr'>bis</span> <span class='ocrx_word' id='word_1_22' title='bbox 655 850 699 902; x_wconf 83' lang='lat' dir='ltr'>sex</span> <span class='ocrx_word' id='word_1_23' title='bbox 713 857 814 907; x_wconf 81' lang='lat' dir='ltr'>thoraca</span> <span class='ocrx_word' id='word_1_24' title='bbox 828 861 938 924; x_wconf 86' lang='lat' dir='ltr'>petitum</span> 
     </span>
     <span class='ocr_line' id='line_1_5' title="bbox 242 935 912 1000; baseline 0 -11"><span class='ocrx_word' id='word_1_25' title='bbox 242 939 429 1000; x_wconf 75' lang='lat' dir='ltr'>Perfoffurnque</span> <span class='ocrx_word' id='word_1_26' title='bbox 444 936 507 986; x_wconf 85' lang='lat' dir='ltr'>locis</span> <span class='ocrx_word' id='word_1_27' title='bbox 515 936 696 997; x_wconf 83' lang='lat' dir='ltr'>,clypeumque</span> <span class='ocrx_word' id='word_1_28' title='bbox 710 949 742 983; x_wconf 81' lang='lat' dir='ltr'>ex</span> <span class='ocrx_word' id='word_1_29' title='bbox 756 935 912 989; x_wconf 76' lang='lat' dir='ltr'>aerefinistrae</span> 
     </span>
     <span class='ocr_line' id='line_1_6' title="bbox 242 1015 938 1087; baseline 0 -15"><span class='ocrx_word' id='word_1_30' title='bbox 242 1020 357 1087; x_wconf 81' lang='lat' dir='ltr'>Subligat</span> <span class='ocrx_word' id='word_1_31' title='bbox 373 1036 465 1084; x_wconf 81' lang='lat' dir='ltr'>,atque</span> <span class='ocrx_word' id='word_1_32' title='bbox 480 1017 568 1070; x_wconf 83' lang='lat' dir='ltr'>ensem</span> <span class='ocrx_word' id='word_1_33' title='bbox 581 1018 650 1067; x_wconf 86' lang='lat' dir='ltr'>collo</span> <span class='ocrx_word' id='word_1_34' title='bbox 662 1015 788 1082; x_wconf 84' lang='lat' dir='ltr'>suspendit</span> <span class='ocrx_word' id='word_1_35' title='bbox 802 1018 938 1076; x_wconf 89' lang='lat' dir='ltr'>eburnum.</span> 
     </span>
     <span class='ocr_line' id='line_1_7' title="bbox 243 1101 937 1171; baseline 0.001 -16"><span class='ocrx_word' id='word_1_36' title='bbox 243 1105 316 1155; x_wconf 88' lang='lat' dir='ltr'>Tum</span> <span class='ocrx_word' id='word_1_37' title='bbox 328 1104 408 1155; x_wconf 75' lang='lat' dir='ltr'>socios</span> <span class='ocrx_word' id='word_1_38' title='bbox 420 1112 544 1165; x_wconf 86' lang='lat' dir='ltr'>(namque</span> <span class='ocrx_word' id='word_1_39' title='bbox 559 1101 645 1150; x_wconf 82' lang='lat' dir='ltr'>omnis</span> <span class='ocrx_word' id='word_1_40' title='bbox 661 1116 721 1151; x_wconf 86' lang='lat' dir='ltr'>eum</span> <span class='ocrx_word' id='word_1_41' title='bbox 733 1102 817 1167; x_wconf 86' lang='lat' dir='ltr'>stipata</span> <span class='ocrx_word' id='word_1_42' title='bbox 833 1105 937 1171; x_wconf 80' lang='lat' dir='ltr'>tegebat</span> 
     </span>
    </p>
   </div>
   <div class='ocr_carea' id='block_1_3' title="bbox 241 1182 903 1317">
    <p class='ocr_par' dir='ltr' id='par_1_3' title="bbox 241 1182 903 1317">
     <span class='ocr_line' id='line_1_8' title="bbox 242 1182 895 1245; baseline 0.002 -10"><span class='ocrx_word' id='word_1_43' title='bbox 242 1182 328 1235; x_wconf 84' lang='lat' dir='ltr'>Turba</span> <span class='ocrx_word' id='word_1_44' title='bbox 338 1184 445 1244; x_wconf 68' lang='lat' dir='ltr'>ducum]</span> <span class='ocrx_word' id='word_1_45' title='bbox 462 1182 494 1233; x_wconf 86' lang='lat' dir='ltr'>fic</span> <span class='ocrx_word' id='word_1_46' title='bbox 508 1182 632 1245; x_wconf 81' lang='lat' dir='ltr'>incipiens</span> <span class='ocrx_word' id='word_1_47' title='bbox 646 1182 759 1232; x_wconf 74' lang='lat' dir='ltr'>hortatur</span> <span class='ocrx_word' id='word_1_48' title='bbox 773 1199 895 1236; x_wconf 83' lang='lat' dir='ltr'>ovantes:</span> 
     </span>
     <span class='ocr_line' id='line_1_9' title="bbox 241 1257 903 1317; baseline 0.009 -9"><span class='ocrx_word' id='word_1_49' title='bbox 241 1258 360 1310; x_wconf 68' lang='lat' dir='ltr'>Maxima</span> <span class='ocrx_word' id='word_1_50' title='bbox 374 1275 412 1308; x_wconf 83' lang='lat' dir='ltr'>res</span> <span class='ocrx_word' id='word_1_51' title='bbox 426 1259 532 1317; x_wconf 66' lang='lat' dir='ltr'>effeth,</span> <span class='ocrx_word' id='word_1_52' title='bbox 546 1257 612 1307; x_wconf 77' lang='lat' dir='ltr'>viri:</span> <span class='ocrx_word' id='word_1_53' title='bbox 624 1257 704 1307; x_wconf 88' lang='lat' dir='ltr'>timor</span> <span class='ocrx_word' id='word_1_54' title='bbox 716 1260 802 1309; x_wconf 79' lang='lat' dir='ltr'>omnir</span> <span class='ocrx_word' id='word_1_55' title='bbox 811 1259 903 1314; x_wconf 77' lang='lat' dir='ltr'>abesto·</span> 
     </span>
    </p>
   </div>
   <div class='ocr_carea' id='block_1_4' title="bbox 237 1334 935 2591">
    <p class='ocr_par' dir='ltr' id='par_1_4' title="bbox 237 1334 935 2591">
     <span class='ocr_line' id='line_1_10' title="bbox 243 1334 935 1407; baseline 0.01 -20"><span class='ocrx_word' id='word_1_56' title='bbox 243 1337 320 1401; x_wconf 83' lang='lat' dir='ltr'>Quod</span> <span class='ocrx_word' id='word_1_57' title='bbox 334 1335 455 1400; x_wconf 84' lang='lat' dir='ltr'>superest:</span> <span class='ocrx_word' id='word_1_58' title='bbox 468 1339 520 1388; x_wconf 81' lang='lat' dir='ltr'>haec</span> <span class='ocrx_word' id='word_1_59' title='bbox 540 1334 598 1387; x_wconf 88' lang='lat' dir='ltr'>sunt</span> <span class='ocrx_word' id='word_1_60' title='bbox 611 1335 710 1401; x_wconf 71' lang='lat' dir='ltr'>spolia»,</span> <span class='ocrx_word' id='word_1_61' title='bbox 725 1338 752 1387; x_wconf 77' lang='grc' dir='ltr'>δι</span> <span class='ocrx_word' id='word_1_62' title='bbox 765 1337 797 1388; x_wconf 86' lang='lat' dir='ltr'>de</span> <span class='ocrx_word' id='word_1_63' title='bbox 811 1355 869 1407; x_wconf 83' lang='lat' dir='ltr'>rege</span> <span class='ocrx_word' id='word_1_64' title='bbox 891 1341 935 1398; x_wconf 80' lang='lat' dir='ltr'>su·¹</span> 
     </span>
     <span class='ocr_line' id='line_1_11' title="bbox 324 1414 401 1481; baseline 0.013 -15"><span class='ocrx_word' id='word_1_65' title='bbox 324 1414 401 1481; x_wconf 89' lang='lat' dir='ltr'>perbo</span> 
     </span>
     <span class='ocr_line' id='line_1_12' title="bbox 240 1491 904 1559; baseline 0.008 -14"><span class='ocrx_word' id='word_1_66' title='bbox 240 1494 365 1547; x_wconf 76' lang='lat' dir='ltr'>Primitiae</span> <span class='ocrx_word' id='word_1_67' title='bbox 377 1514 386 1559; x_wconf 77' lang='lat'><em>3</em></span> <span class='ocrx_word' id='word_1_68' title='bbox 399 1491 559 1557; x_wconf 87' lang='lat' dir='ltr'>manibusque</span> <span class='ocrx_word' id='word_1_69' title='bbox 572 1492 638 1543; x_wconf 78' lang='lat' dir='ltr'>meis</span> <span class='ocrx_word' id='word_1_70' title='bbox 653 1493 792 1545; x_wconf 77' lang='lat' dir='ltr'>Mezentius</span> <span class='ocrx_word' id='word_1_71' title='bbox 804 1495 845 1547; x_wconf 81' lang='lat' dir='ltr'>hir·</span> <span class='ocrx_word' id='word_1_72' title='bbox 860 1499 904 1550; x_wconf 85' lang='lat' dir='ltr'>est.</span> 
     </span>
     <span class='ocr_line' id='line_1_13' title="bbox 241 1570 906 1639; baseline 0.005 -13"><span class='ocrx_word' id='word_1_73' title='bbox 241 1576 318 1626; x_wconf 89' lang='lat' dir='ltr'>Nunc</span> <span class='ocrx_word' id='word_1_74' title='bbox 332 1574 380 1625; x_wconf 86' lang='lat' dir='ltr'>iter</span> <span class='ocrx_word' id='word_1_75' title='bbox 394 1574 430 1625; x_wconf 61' lang='lat' dir='ltr'>ad,</span> <span class='ocrx_word' id='word_1_76' title='bbox 437 1588 525 1639; x_wconf 82' lang='lat' dir='ltr'>regem</span> <span class='ocrx_word' id='word_1_77' title='bbox 539 1570 630 1633; x_wconf 80' lang='lat' dir='ltr'>nobit,</span> <span class='ocrx_word' id='word_1_78' title='bbox 645 1571 777 1635; x_wconf 87' lang='lat' dir='ltr'>murosque</span> <span class='ocrx_word' id='word_1_79' title='bbox 790 1578 906 1630; x_wconf 75' lang='lat' dir='ltr'>Latinos.</span> 
     </span>
     <span class='ocr_line' id='line_1_14' title="bbox 241 1648 934 1718; baseline 0.006 -15"><span class='ocrx_word' id='word_1_80' title='bbox 241 1656 323 1703; x_wconf 81' lang='lat' dir='ltr'>Arma</span> <span class='ocrx_word' id='word_1_81' title='bbox 340 1667 423 1718; x_wconf 85' lang='lat' dir='ltr'>parate</span> <span class='ocrx_word' id='word_1_82' title='bbox 435 1650 543 1709; x_wconf 77' lang='lat' dir='ltr'>animis,</span> <span class='ocrx_word' id='word_1_83' title='bbox 556 1650 584 1700; x_wconf 83' lang='lat'>&amp;</span> <span class='ocrx_word' id='word_1_84' title='bbox 596 1648 637 1714; x_wconf 86' lang='lat' dir='ltr'>spe</span> <span class='ocrx_word' id='word_1_85' title='bbox 654 1649 795 1715; x_wconf 70' lang='lat' dir='ltr'>praesumite</span> <span class='ocrx_word' id='word_1_86' title='bbox 811 1653 907 1707; x_wconf 89' lang='lat' dir='ltr'>bellum</span> <span class='ocrx_word' id='word_1_87' title='bbox 923 1678 934 1714; x_wconf 89' lang='lat' dir='ltr'>t</span> 
     </span>
     <span class='ocr_line' id='line_1_15' title="bbox 240 1724 931 1801; baseline 0.004 -21"><span class='ocrx_word' id='word_1_88' title='bbox 240 1732 285 1781; x_wconf 86' lang='lat' dir='ltr'>Ne</span> <span class='ocrx_word' id='word_1_89' title='bbox 295 1745 342 1793; x_wconf 87' lang='lat' dir='ltr'>qua</span> <span class='ocrx_word' id='word_1_90' title='bbox 354 1747 425 1780; x_wconf 80' lang='lat' dir='ltr'>mora</span> <span class='ocrx_word' id='word_1_91' title='bbox 437 1730 539 1793; x_wconf 78' lang='lat' dir='ltr'>ignaros</span> <span class='ocrx_word' id='word_1_92' title='bbox 558 1724 616 1787; x_wconf 64' lang='lat' dir='ltr'>[ubi</span> <span class='ocrx_word' id='word_1_93' title='bbox 627 1726 741 1790; x_wconf 79' lang='lat' dir='ltr'>primitur</span> <span class='ocrx_word' id='word_1_94' title='bbox 753 1731 849 1781; x_wconf 81' lang='lat' dir='ltr'>vellere</span> <span class='ocrx_word' id='word_1_95' title='bbox 862 1732 931 1801; x_wconf 70' lang='lat' dir='ltr'>signa</span> 
     </span>
     <span class='ocr_line' id='line_1_16' title="bbox 241 1803 887 1877; baseline 0.005 -18"><span class='ocrx_word' id='word_1_96' title='bbox 241 1808 387 1859; x_wconf 78' lang='lat' dir='ltr'>Annuerint</span> <span class='ocrx_word' id='word_1_97' title='bbox 399 1809 504 1871; x_wconf 79' lang='lat' dir='ltr'>superi,</span> <span class='ocrx_word' id='word_1_98' title='bbox 520 1803 659 1871; x_wconf 80' lang='lat' dir='ltr'>pubemque</span> <span class='ocrx_word' id='word_1_99' title='bbox 675 1806 887 1877; x_wconf 75' lang='lat' dir='ltr'>educerecassrir)</span> 
     </span>
     <span class='ocr_line' id='line_1_17' title="bbox 239 1885 856 1953; baseline 0.006 -14"><span class='ocrx_word' id='word_1_100' title='bbox 239 1885 381 1951; x_wconf 78' lang='lat' dir='ltr'>Impediat,</span> <span class='ocrx_word' id='word_1_101' title='bbox 392 1885 525 1953; x_wconf 84' lang='lat' dir='ltr'>segnesque</span> <span class='ocrx_word' id='word_1_102' title='bbox 538 1898 611 1934; x_wconf 88' lang='lat' dir='ltr'>metu</span> <span class='ocrx_word' id='word_1_103' title='bbox 624 1885 747 1938; x_wconf 85' lang='lat' dir='ltr'>sententia</span> <span class='ocrx_word' id='word_1_104' title='bbox 763 1887 856 1942; x_wconf 81' lang='lat' dir='ltr'>tardet.</span> 
     </span>
     <span class='ocr_line' id='line_1_18' title="bbox 238 1969 821 2030; baseline -0.005 -7"><span class='ocrx_word' id='word_1_105' title='bbox 238 1973 338 2023; x_wconf 82' lang='lat' dir='ltr'>Interea</span> <span class='ocrx_word' id='word_1_106' title='bbox 349 1969 429 2019; x_wconf 83' lang='lat' dir='ltr'>socios</span> <span class='ocrx_word' id='word_1_107' title='bbox 442 1969 620 2029; x_wconf 79' lang='lat' dir='ltr'>inhumataque</span> <span class='ocrx_word' id='word_1_108' title='bbox 635 1982 737 2030; x_wconf 86' lang='lat' dir='ltr'>corpora</span> <span class='ocrx_word' id='word_1_109' title='bbox 749 1982 821 2020; x_wconf 85' lang='lat' dir='ltr'>terrae</span> 
     </span>
     <span class='ocr_line' id='line_1_19' title="bbox 239 2044 933 2112; baseline 0.001 -11"><span class='ocrx_word' id='word_1_110' title='bbox 239 2046 407 2112; x_wconf 65' lang='lat' dir='ltr'>Mandemu53</span> <span class='ocrx_word' id='word_1_111' title='bbox 420 2046 463 2109; x_wconf 86' lang='lat' dir='ltr'>qni</span> <span class='ocrx_word' id='word_1_112' title='bbox 478 2044 544 2096; x_wconf 83' lang='lat' dir='ltr'>solus</span> <span class='ocrx_word' id='word_1_113' title='bbox 559 2045 642 2095; x_wconf 75' lang='lat' dir='ltr'>honor</span> <span class='ocrx_word' id='word_1_114' title='bbox 659 2046 806 2099; x_wconf 81' lang='lat' dir='ltr'>Acheronte</span> <span class='ocrx_word' id='word_1_115' title='bbox 818 2045 862 2099; x_wconf 86' lang='lat' dir='ltr'>sub</span> <span class='ocrx_word' id='word_1_116' title='bbox 874 2048 933 2104; x_wconf 78' lang='lat' dir='ltr'>ime</span> 
     </span>
     <span class='ocr_line' id='line_1_20' title="bbox 263 2126 380 2176; baseline 0 0"><span class='ocrx_word' id='word_1_117' title='bbox 263 2133 265 2139; x_wconf 83' lang='grc'>’</span> <span class='ocrx_word' id='word_1_118' title='bbox 336 2126 380 2176; x_wconf 88' lang='lat' dir='ltr'>est.</span> 
     </span>
     <span class='ocr_line' id='line_1_21' title="bbox 238 2204 898 2274; baseline 0.003 -15"><span class='ocrx_word' id='word_1_119' title='bbox 238 2209 293 2267; x_wconf 81' lang='lat' dir='ltr'>Ite,</span> <span class='ocrx_word' id='word_1_120' title='bbox 306 2207 358 2270; x_wconf 86' lang='lat' dir='ltr'>ait,</span> <span class='ocrx_word' id='word_1_121' title='bbox 372 2205 485 2274; x_wconf 77' lang='lat' dir='ltr'>egregiae</span> <span class='ocrx_word' id='word_1_122' title='bbox 494 2205 609 2266; x_wconf 84' lang='lat' dir='ltr'>animat,</span> <span class='ocrx_word' id='word_1_123' title='bbox 620 2220 676 2269; x_wconf 81' lang='lat' dir='ltr'>qnae</span> <span class='ocrx_word' id='word_1_124' title='bbox 687 2204 809 2274; x_wconf 86' lang='lat' dir='ltr'>sanguine</span> <span class='ocrx_word' id='word_1_125' title='bbox 825 2204 898 2261; x_wconf 74' lang='lat' dir='ltr'>nobis</span> 
     </span>
     <span class='ocr_line' id='line_1_22' title="bbox 239 2283 909 2353; baseline 0.003 -13"><span class='ocrx_word' id='word_1_126' title='bbox 239 2292 311 2340; x_wconf 84' lang='lat' dir='ltr'>Hanc</span> <span class='ocrx_word' id='word_1_127' title='bbox 323 2289 429 2353; x_wconf 83' lang='lat' dir='ltr'>patriam</span> <span class='ocrx_word' id='word_1_128' title='bbox 446 2284 561 2352; x_wconf 67' lang='lat' dir='ltr'>peperere</span> <span class='ocrx_word' id='word_1_129' title='bbox 579 2283 643 2346; x_wconf 85' lang='lat' dir='ltr'>suo,</span> <span class='ocrx_word' id='word_1_130' title='bbox 657 2285 773 2338; x_wconf 85' lang='lat' dir='ltr'>decorate</span> <span class='ocrx_word' id='word_1_131' title='bbox 784 2288 909 2352; x_wconf 67' lang='lat' dir='ltr'>supremi·</span> 
     </span>
     <span class='ocr_line' id='line_1_23' title="bbox 238 2367 927 2431; baseline 0.004 -13"><span class='ocrx_word' id='word_1_132' title='bbox 238 2368 570 2431; x_wconf 77' lang='lat' dir='ltr'>Muneriburamoestamque</span> <span class='ocrx_word' id='word_1_133' title='bbox 579 2367 689 2420; x_wconf 72' lang='lat' dir='ltr'>Evandri</span> <span class='ocrx_word' id='word_1_134' title='bbox 696 2368 829 2431; x_wconf 70' lang='lat' dir='ltr'>primaten</span> <span class='ocrx_word' id='word_1_135' title='bbox 837 2369 927 2423; x_wconf 75' lang='lat' dir='ltr'>urbem</span> 
     </span>
     <span class='ocr_line' id='line_1_24' title="bbox 237 2445 871 2511; baseline -0.005 -11"><span class='ocrx_word' id='word_1_136' title='bbox 237 2449 355 2501; x_wconf 84' lang='lat' dir='ltr'>Mittatur</span> <span class='ocrx_word' id='word_1_137' title='bbox 370 2450 469 2505; x_wconf 77' lang='lat' dir='ltr'>Pallas,</span> <span class='ocrx_word' id='word_1_138' title='bbox 482 2461 558 2509; x_wconf 85' lang='lat' dir='ltr'>quern</span> <span class='ocrx_word' id='word_1_139' title='bbox 571 2462 621 2496; x_wconf 84' lang='lat' dir='ltr'>non</span> <span class='ocrx_word' id='word_1_140' title='bbox 634 2445 735 2496; x_wconf 81' lang='lat' dir='ltr'>virtutis</span> <span class='ocrx_word' id='word_1_141' title='bbox 751 2459 871 2511; x_wconf 79' lang='lat' dir='ltr'>egentem</span> 
     </span>
     <span class='ocr_line' id='line_1_25' title="bbox 238 2526 864 2591; baseline -0.002 -7"><span class='ocrx_word' id='word_1_142' title='bbox 238 2529 348 2584; x_wconf 76' lang='lat' dir='ltr'>Abstulit</span> <span class='ocrx_word' id='word_1_143' title='bbox 361 2544 413 2581; x_wconf 86' lang='lat' dir='ltr'>atra</span> <span class='ocrx_word' id='word_1_144' title='bbox 426 2530 480 2582; x_wconf 85' lang='lat' dir='ltr'>dier</span> <span class='ocrx_word' id='word_1_145' title='bbox 496 2561 506 2591; x_wconf 91' lang='lat'>‚</span> <span class='ocrx_word' id='word_1_146' title='bbox 521 2531 549 2582; x_wconf 64' lang='grc' dir='ltr'>εἰ</span> <span class='ocrx_word' id='word_1_147' title='bbox 561 2533 648 2583; x_wconf 82' lang='lat' dir='ltr'>funere</span> <span class='ocrx_word' id='word_1_148' title='bbox 661 2526 747 2581; x_wconf 80' lang='lat' dir='ltr'>mttfit</span> <span class='ocrx_word' id='word_1_149' title='bbox 765 2527 864 2583; x_wconf 78' lang='lat' dir='ltr'>acerbo.</span> 
     </span>
    </p>
   </div>
   <div class='ocr_carea' id='block_1_5' title="bbox 233 2660 927 2972">
    <p class='ocr_par' dir='ltr' id='par_1_5' title="bbox 233 2660 927 2972">
     <span class='ocr_line' id='line_1_26' title="bbox 258 2660 927 2730; baseline 0.004 -15"><span class='ocrx_word' id='word_1_150' title='bbox 258 2663 299 2715; x_wconf 82' lang='lat' dir='ltr'>Sic</span> <span class='ocrx_word' id='word_1_151' title='bbox 318 2663 353 2714; x_wconf 82' lang='lat' dir='ltr'>ait</span> <span class='ocrx_word' id='word_1_152' title='bbox 366 2662 550 2729; x_wconf 68' lang='lat' dir='ltr'>inarmans,</span> <span class='ocrx_word' id='word_1_153' title='bbox 564 2664 700 2730; x_wconf 79' lang='lat' dir='ltr'>recipitque</span> <span class='ocrx_word' id='word_1_154' title='bbox 711 2660 743 2714; x_wconf 87' lang='lat' dir='ltr'>ad</span> <span class='ocrx_word' id='word_1_155' title='bbox 757 2661 848 2715; x_wconf 86' lang='lat' dir='ltr'>limina</span> <span class='ocrx_word' id='word_1_156' title='bbox 857 2663 927 2730; x_wconf 80' lang='lat' dir='ltr'>gres·</span> 
     </span>
     <span class='ocr_line' id='line_1_27' title="bbox 233 2743 892 2893; baseline 0.009 -14"><span class='ocrx_word' id='word_1_157' title='bbox 233 2743 631 2893; x_wconf 51' lang='lat' dir='ltr'>eorpuiussi&#39;mnimipofinm</span> <span class='ocrx_word' id='word_1_158' title='bbox 646 2786 892 2889; x_wconf 59' lang='lat' dir='ltr'>renuntiantem</span> 
     </span>
     <span class='ocr_line' id='line_1_28' title="bbox 234 2903 794 2972; baseline 0.016 -16"><span class='ocrx_word' id='word_1_159' title='bbox 234 2903 351 2960; x_wconf 72' lang='lat' dir='ltr'>&amp;trabat</span> <span class='ocrx_word' id='word_1_160' title='bbox 364 2905 465 2969; x_wconf 76' lang='lat' dir='ltr'>senine,</span> <span class='ocrx_word' id='word_1_161' title='bbox 476 2909 519 2972; x_wconf 87' lang='lat' dir='ltr'>qui</span> <span class='ocrx_word' id='word_1_162' title='bbox 535 2905 662 2960; x_wconf 67' lang='lat' dir='ltr'>Panaetio</span> <span class='ocrx_word' id='word_1_163' title='bbox 674 2908 794 2964; x_wconf 71' lang='lat' dir='ltr'>evandro</span> 
     </span>
    </p>
   </div>
   <div class='ocr_carea' id='block_1_6' title="bbox 0 0 1126 3875">
    <p class='ocr_par' dir='ltr' id='par_1_6' title="bbox 0 0 1126 3875">
     <span class='ocr_line' id='line_1_29' title="bbox 0 0 1126 3875; baseline 0 2"><span class='ocrx_word' id='word_1_164' title='bbox 0 0 1126 3875; x_wconf 95' lang='lat' dir='ltr'> </span> 
     </span>
    </p>
   </div>
  </div>
 </body>
</html>
