<?xml version="1.0" encoding="UTF-8"?>
<!DOCTYPE html PUBLIC "-//W3C//DTD XHTML 1.0 Transitional//EN"
    "http://www.w3.org/TR/xhtml1/DTD/xhtml1-transitional.dtd">
<html xmlns="http://www.w3.org/1999/xhtml" xml:lang="en" lang="en">
 <head>
  <title>
</title>
<meta http-equiv="Content-Type" content="text/html;charset=utf-8" />
  <meta name='ocr-system' content='tesseract 3.04.00' />
  <meta name='ocr-capabilities' content='ocr_page ocr_carea ocr_par ocr_line ocrx_word'/>
</head>
<body>
  <div class='ocr_page' id='page_1' title='image "./operacurisstudi02virggoog_0030.png"; bbox 0 0 2242 3875; ppageno 0'>
   <div class='ocr_carea' id='block_1_1' title="bbox 242 558 753 627">
    <p class='ocr_par' dir='ltr' id='par_1_1' title="bbox 242 558 753 627">
     <span class='ocr_line' id='line_1_1' title="bbox 242 558 753 627; baseline 0.008 -4"><span class='ocrx_word' id='word_1_1' title='bbox 242 568 261 623; x_wconf 76' lang='lat'><em>8</em></span> <span class='ocrx_word' id='word_1_2' title='bbox 413 558 753 627; x_wconf 74' lang='lat' dir='ltr'><em>&#39;AENEIDOS</em></span> 
     </span>
    </p>
   </div>
   <div class='ocr_carea' id='block_1_2' title="bbox 240 721 934 871">
    <p class='ocr_par' dir='ltr' id='par_1_2' title="bbox 240 721 934 871">
     <span class='ocr_line' id='line_1_2' title="bbox 242 721 914 797; baseline -0.01 -16"><span class='ocrx_word' id='word_1_3' title='bbox 242 723 398 791; x_wconf 78' lang='lat' dir='ltr'>Moliturque</span> <span class='ocrx_word' id='word_1_4' title='bbox 410 732 496 786; x_wconf 83' lang='lat' dir='ltr'>locum</span> <span class='ocrx_word' id='word_1_5' title='bbox 507 762 517 793; x_wconf 88' lang='lat'>‚</span> <span class='ocrx_word' id='word_1_6' title='bbox 528 726 668 797; x_wconf 82' lang='lat' dir='ltr'>primasque</span> <span class='ocrx_word' id='word_1_7' title='bbox 679 730 707 780; x_wconf 90' lang='lat' dir='ltr'>in</span> <span class='ocrx_word' id='word_1_8' title='bbox 719 730 807 781; x_wconf 88' lang='lat' dir='ltr'>littore</span> <span class='ocrx_word' id='word_1_9' title='bbox 819 721 889 776; x_wconf 86' lang='lat' dir='ltr'>sedes</span> <span class='ocrx_word' id='word_1_10' title='bbox 901 750 914 785; x_wconf 83' lang='lat'>‚</span> 
     </span>
     <span class='ocr_line' id='line_1_3' title="bbox 240 800 934 871; baseline -0.01 -15"><span class='ocrx_word' id='word_1_11' title='bbox 240 803 421 859; x_wconf 74' lang='lat' dir='ltr'>caurorumin</span> <span class='ocrx_word' id='word_1_12' title='bbox 430 818 551 867; x_wconf 85' lang='lat' dir='ltr'>morem,</span> <span class='ocrx_word' id='word_1_13' title='bbox 566 806 650 871; x_wconf 79' lang='lat' dir='ltr'>pinnis</span> <span class='ocrx_word' id='word_1_14' title='bbox 660 819 732 868; x_wconf 88' lang='lat' dir='ltr'>atque</span> <span class='ocrx_word' id='word_1_15' title='bbox 741 815 832 867; x_wconf 77' lang='lat' dir='ltr'>aggere</span> <span class='ocrx_word' id='word_1_16' title='bbox 841 800 934 865; x_wconf 81' lang='lat' dir='ltr'>cingit.</span> 
     </span>
    </p>
   </div>
   <div class='ocr_carea' id='block_1_3' title="bbox 239 955 935 1731">
    <p class='ocr_par' dir='ltr' id='par_1_3' title="bbox 239 955 935 1731">
     <span class='ocr_line' id='line_1_4' title="bbox 273 955 913 1020; baseline -0.013 -9"><span class='ocrx_word' id='word_1_17' title='bbox 273 956 437 1020; x_wconf 79' lang='lat' dir='ltr'>Jamqneirer</span> <span class='ocrx_word' id='word_1_18' title='bbox 445 958 540 1011; x_wconf 78' lang='lat' dir='ltr'>emenso</span> <span class='ocrx_word' id='word_1_19' title='bbox 548 989 559 1020; x_wconf 84' lang='lat'>,</span> <span class='ocrx_word' id='word_1_20' title='bbox 567 973 646 1010; x_wconf 85' lang='lat' dir='ltr'>turres</span> <span class='ocrx_word' id='word_1_21' title='bbox 654 958 753 1009; x_wconf 74' lang='lat' dir='ltr'>retecta</span> <span class='ocrx_word' id='word_1_22' title='bbox 761 955 913 1008; x_wconf 84' lang='lat' dir='ltr'>Latinorum</span> 
     </span>
     <span class='ocr_line' id='line_1_5' title="bbox 240 1031 880 1098; baseline -0.009 -11"><span class='ocrx_word' id='word_1_23' title='bbox 240 1033 331 1087; x_wconf 72' lang='lat' dir='ltr'>Ardua</span> <span class='ocrx_word' id='word_1_24' title='bbox 345 1034 478 1086; x_wconf 72' lang='lat' dir='ltr'>cernebant</span> <span class='ocrx_word' id='word_1_25' title='bbox 491 1035 614 1098; x_wconf 79' lang='lat' dir='ltr'>iuvenes,</span> <span class='ocrx_word' id='word_1_26' title='bbox 626 1049 746 1095; x_wconf 88' lang='lat' dir='ltr'>muroque</span> <span class='ocrx_word' id='word_1_27' title='bbox 759 1031 880 1084; x_wconf 82' lang='lat' dir='ltr'>subibant.</span> 
     </span>
     <span class='ocr_line' id='line_1_6' title="bbox 240 1109 935 1176; baseline -0.009 -15"><span class='ocrx_word' id='word_1_28' title='bbox 240 1114 314 1167; x_wconf 77' lang='lat' dir='ltr'>Ante</span> <span class='ocrx_word' id='word_1_29' title='bbox 323 1110 411 1162; x_wconf 86' lang='lat' dir='ltr'>urbem</span> <span class='ocrx_word' id='word_1_30' title='bbox 421 1113 491 1176; x_wconf 82' lang='lat' dir='ltr'>pueri</span> <span class='ocrx_word' id='word_1_31' title='bbox 502 1144 511 1169; x_wconf 83' lang='lat'>‚</span> <span class='ocrx_word' id='word_1_32' title='bbox 522 1113 549 1163; x_wconf 67' lang='grc' dir='ltr'><strong>ἃ</strong></span> <span class='ocrx_word' id='word_1_33' title='bbox 560 1112 683 1175; x_wconf 76' lang='lat' dir='ltr'>primaevo</span> <span class='ocrx_word' id='word_1_34' title='bbox 692 1109 755 1162; x_wconf 88' lang='lat' dir='ltr'>flore</span> <span class='ocrx_word' id='word_1_35' title='bbox 765 1109 881 1172; x_wconf 70' lang='lat' dir='ltr'>iuuentus</span> <span class='ocrx_word' id='word_1_36' title='bbox 931 1141 935 1148; x_wconf 86' lang='lat'><em>.</em></span> 
     </span>
     <span class='ocr_line' id='line_1_7' title="bbox 239 1190 934 1253; baseline -0.013 -7"><span class='ocrx_word' id='word_1_37' title='bbox 239 1194 397 1247; x_wconf 77' lang='lat' dir='ltr'>Exercentur</span> <span class='ocrx_word' id='word_1_38' title='bbox 405 1192 473 1253; x_wconf 87' lang='lat' dir='ltr'>equis</span> <span class='ocrx_word' id='word_1_39' title='bbox 482 1221 492 1251; x_wconf 85' lang='lat'>‚</span> <span class='ocrx_word' id='word_1_40' title='bbox 502 1190 676 1252; x_wconf 74' lang='lat' dir='ltr'>dominnrque</span> <span class='ocrx_word' id='word_1_41' title='bbox 684 1192 711 1241; x_wconf 91' lang='lat' dir='ltr'>in</span> <span class='ocrx_word' id='word_1_42' title='bbox 719 1191 822 1253; x_wconf 83' lang='lat' dir='ltr'>pulvere</span> <span class='ocrx_word' id='word_1_43' title='bbox 830 1200 913 1239; x_wconf 80' lang='lat' dir='ltr'>currus</span> <span class='ocrx_word' id='word_1_44' title='bbox 923 1200 934 1247; x_wconf 67' lang='grc' dir='ltr'>ς</span> 
     </span>
     <span class='ocr_line' id='line_1_8' title="bbox 240 1266 850 1329; baseline -0.013 -5"><span class='ocrx_word' id='word_1_45' title='bbox 240 1275 298 1324; x_wconf 74' lang='lat' dir='ltr'>Aut</span> <span class='ocrx_word' id='word_1_46' title='bbox 310 1288 377 1325; x_wconf 88' lang='lat' dir='ltr'>aeres</span> <span class='ocrx_word' id='word_1_47' title='bbox 389 1271 496 1323; x_wconf 89' lang='lat' dir='ltr'>tendunt</span> <span class='ocrx_word' id='word_1_48' title='bbox 509 1285 578 1320; x_wconf 83' lang='lat' dir='ltr'>arcus</span> <span class='ocrx_word' id='word_1_49' title='bbox 591 1306 600 1329; x_wconf 90' lang='lat'><strong><em>,</em></strong></span> <span class='ocrx_word' id='word_1_50' title='bbox 612 1284 654 1320; x_wconf 86' lang='lat' dir='ltr'>aut</span> <span class='ocrx_word' id='word_1_51' title='bbox 667 1271 736 1320; x_wconf 89' lang='lat' dir='ltr'>lenta</span> <span class='ocrx_word' id='word_1_52' title='bbox 751 1266 850 1318; x_wconf 85' lang='lat' dir='ltr'>lacertis</span> 
     </span>
     <span class='ocr_line' id='line_1_9' title="bbox 239 1347 900 1415; baseline -0.009 -13"><span class='ocrx_word' id='word_1_53' title='bbox 239 1349 340 1413; x_wconf 79' lang='lat' dir='ltr'>Spicula</span> <span class='ocrx_word' id='word_1_54' title='bbox 348 1365 511 1415; x_wconf 82' lang='lat' dir='ltr'>contorquent</span> <span class='ocrx_word' id='word_1_55' title='bbox 519 1381 529 1409; x_wconf 85' lang='lat'>,</span> <span class='ocrx_word' id='word_1_56' title='bbox 538 1348 654 1411; x_wconf 85' lang='lat' dir='ltr'>cursuque</span> <span class='ocrx_word' id='word_1_57' title='bbox 663 1348 761 1411; x_wconf 67' lang='lat' dir='ltr'>idoque</span> <span class='ocrx_word' id='word_1_58' title='bbox 770 1347 900 1397; x_wconf 79' lang='lat' dir='ltr'>lacessunt.</span> 
     </span>
     <span class='ocr_line' id='line_1_10' title="bbox 240 1424 863 1494; baseline -0.01 -11"><span class='ocrx_word' id='word_1_59' title='bbox 240 1424 454 1494; x_wconf 65' lang='lat' dir='ltr'>comprovetur</span> <span class='ocrx_word' id='word_1_60' title='bbox 468 1445 531 1493; x_wconf 86' lang='lat' dir='ltr'>equo</span> <span class='ocrx_word' id='word_1_61' title='bbox 544 1427 656 1493; x_wconf 84' lang='lat' dir='ltr'>longaevi</span> <span class='ocrx_word' id='word_1_62' title='bbox 669 1428 736 1492; x_wconf 83' lang='lat' dir='ltr'>regis</span> <span class='ocrx_word' id='word_1_63' title='bbox 749 1426 780 1476; x_wconf 86' lang='lat' dir='ltr'>ad</span> <span class='ocrx_word' id='word_1_64' title='bbox 793 1440 863 1477; x_wconf 81' lang='lat' dir='ltr'>sures</span> 
     </span>
     <span class='ocr_line' id='line_1_11' title="bbox 239 1508 830 1577; baseline -0.012 -14"><span class='ocrx_word' id='word_1_65' title='bbox 239 1508 355 1563; x_wconf 75' lang='lat' dir='ltr'>Nuntius</span> <span class='ocrx_word' id='word_1_66' title='bbox 369 1512 484 1577; x_wconf 79' lang='lat' dir='ltr'>ingentes</span> <span class='ocrx_word' id='word_1_67' title='bbox 497 1512 586 1575; x_wconf 86' lang='lat' dir='ltr'>ignota</span> <span class='ocrx_word' id='word_1_68' title='bbox 598 1508 627 1558; x_wconf 93' lang='lat' dir='ltr'>in</span> <span class='ocrx_word' id='word_1_69' title='bbox 639 1508 705 1558; x_wconf 77' lang='lat' dir='ltr'>veste</span> <span class='ocrx_word' id='word_1_70' title='bbox 719 1516 830 1570; x_wconf 77' lang='lat' dir='ltr'>reportat</span> 
     </span>
     <span class='ocr_line' id='line_1_12' title="bbox 241 1581 790 1639; baseline -0.011 -1"><span class='ocrx_word' id='word_1_71' title='bbox 241 1586 382 1638; x_wconf 75' lang='lat' dir='ltr'>Advenisse</span> <span class='ocrx_word' id='word_1_72' title='bbox 395 1589 474 1639; x_wconf 80' lang='lat' dir='ltr'>viros.</span> <span class='ocrx_word' id='word_1_73' title='bbox 487 1588 536 1638; x_wconf 83' lang='lat' dir='ltr'>ille</span> <span class='ocrx_word' id='word_1_74' title='bbox 549 1586 615 1637; x_wconf 87' lang='lat' dir='ltr'>intra</span> <span class='ocrx_word' id='word_1_75' title='bbox 628 1583 692 1634; x_wconf 71' lang='lat' dir='ltr'>teda</span> <span class='ocrx_word' id='word_1_76' title='bbox 703 1581 790 1635; x_wconf 81' lang='lat' dir='ltr'>vocari</span> 
     </span>
     <span class='ocr_line' id='line_1_13' title="bbox 242 1657 831 1731; baseline -0.01 -13"><span class='ocrx_word' id='word_1_77' title='bbox 242 1664 377 1731; x_wconf 75' lang='lat' dir='ltr'>Imperat,</span> <span class='ocrx_word' id='word_1_78' title='bbox 392 1665 420 1716; x_wconf 76' lang='lat' dir='ltr'>de</span> <span class='ocrx_word' id='word_1_79' title='bbox 434 1663 499 1717; x_wconf 87' lang='lat' dir='ltr'>solio</span> <span class='ocrx_word' id='word_1_80' title='bbox 513 1662 613 1716; x_wconf 81' lang='lat' dir='ltr'>medius</span> <span class='ocrx_word' id='word_1_81' title='bbox 625 1657 738 1711; x_wconf 80' lang='lat' dir='ltr'>consedit</span> <span class='ocrx_word' id='word_1_82' title='bbox 750 1658 831 1712; x_wconf 80' lang='lat' dir='ltr'>avito·</span> 
     </span>
    </p>
   </div>
   <div class='ocr_carea' id='block_1_4' title="bbox 241 1818 935 2203">
    <p class='ocr_par' dir='ltr' id='par_1_4' title="bbox 241 1818 935 2128">
     <span class='ocr_line' id='line_1_14' title="bbox 273 1818 935 1907; baseline -0.003 -33"><span class='ocrx_word' id='word_1_83' title='bbox 273 1818 537 1907; x_wconf 72' lang='lat' dir='ltr'>Tedumaugulurn‚</span> <span class='ocrx_word' id='word_1_84' title='bbox 549 1821 656 1889; x_wconf 83' lang='lat' dir='ltr'>ingens,</span> <span class='ocrx_word' id='word_1_85' title='bbox 666 1834 768 1875; x_wconf 85' lang='lat' dir='ltr'>eentum</span> <span class='ocrx_word' id='word_1_86' title='bbox 776 1818 883 1873; x_wconf 85' lang='lat' dir='ltr'>sublime</span> <span class='ocrx_word' id='word_1_87' title='bbox 891 1833 935 1872; x_wconf 91' lang='lat' dir='ltr'>co·</span> 
     </span>
     <span class='ocr_line' id='line_1_15' title="bbox 242 1899 825 2044; baseline 0.003 -14"><span class='ocrx_word' id='word_1_88' title='bbox 242 1975 313 2030; x_wconf 72' lang='lat' dir='ltr'>urbe</span> <span class='ocrx_word' id='word_1_89' title='bbox 326 1899 504 2037; x_wconf 40' lang='lat' dir='ltr'>gama,</span> <span class='ocrx_word' id='word_1_90' title='bbox 519 1981 652 2033; x_wconf 80' lang='lat' dir='ltr'>Laurentis</span> <span class='ocrx_word' id='word_1_91' title='bbox 665 1979 735 2044; x_wconf 88' lang='lat' dir='ltr'>regia</span> <span class='ocrx_word' id='word_1_92' title='bbox 747 1982 800 2032; x_wconf 85' lang='lat' dir='ltr'>Pici</span> <span class='ocrx_word' id='word_1_93' title='bbox 814 2009 825 2041; x_wconf 87' lang='lat'>‚</span> 
     </span>
     <span class='ocr_line' id='line_1_16' title="bbox 241 2057 850 2128; baseline 0.005 -21"><span class='ocrx_word' id='word_1_94' title='bbox 241 2058 409 2111; x_wconf 78' lang='lat' dir='ltr'>Horrendum</span> <span class='ocrx_word' id='word_1_95' title='bbox 422 2057 519 2122; x_wconf 77' lang='lat' dir='ltr'>sylvis,</span> <span class='ocrx_word' id='word_1_96' title='bbox 533 2061 560 2111; x_wconf 85' lang='grc' dir='ltr'>8ι</span> <span class='ocrx_word' id='word_1_97' title='bbox 573 2063 697 2128; x_wconf 83' lang='lat' dir='ltr'>religione</span> <span class='ocrx_word' id='word_1_98' title='bbox 708 2075 850 2125; x_wconf 73' lang='lat' dir='ltr'>parentum.</span> 
     </span>
    </p>

    <p class='ocr_par' dir='ltr' id='par_1_5' title="bbox 243 2131 910 2203">
     <span class='ocr_line' id='line_1_17' title="bbox 243 2131 910 2203; baseline 0 -17"><span class='ocrx_word' id='word_1_99' title='bbox 243 2132 297 2186; x_wconf 78' lang='lat' dir='ltr'>Hie</span> <span class='ocrx_word' id='word_1_100' title='bbox 310 2131 403 2198; x_wconf 77' lang='lat' dir='ltr'>sceptra</span> <span class='ocrx_word' id='word_1_101' title='bbox 414 2134 543 2199; x_wconf 81' lang='lat' dir='ltr'>accipere,</span> <span class='ocrx_word' id='word_1_102' title='bbox 559 2137 587 2187; x_wconf 70' lang='lat' dir='ltr'>lc</span> <span class='ocrx_word' id='word_1_103' title='bbox 600 2139 695 2203; x_wconf 82' lang='lat' dir='ltr'>primos</span> <span class='ocrx_word' id='word_1_104' title='bbox 708 2138 825 2188; x_wconf 73' lang='lat' dir='ltr'>attollere</span> <span class='ocrx_word' id='word_1_105' title='bbox 835 2131 910 2187; x_wconf 80' lang='lat' dir='ltr'>fasces</span> 
     </span>
    </p>
   </div>
   <div class='ocr_carea' id='block_1_5' title="bbox 242 2210 904 2351">
    <p class='ocr_par' dir='ltr' id='par_1_6' title="bbox 242 2210 904 2351">
     <span class='ocr_line' id='line_1_18' title="bbox 242 2210 904 2280; baseline 0.003 -16"><span class='ocrx_word' id='word_1_106' title='bbox 242 2210 356 2277; x_wconf 80' lang='lat' dir='ltr'>Regibus</span> <span class='ocrx_word' id='word_1_107' title='bbox 369 2228 445 2263; x_wconf 91' lang='lat' dir='ltr'>ornen</span> <span class='ocrx_word' id='word_1_108' title='bbox 460 2227 512 2264; x_wconf 89' lang='lat' dir='ltr'>erat</span> <span class='ocrx_word' id='word_1_109' title='bbox 526 2231 533 2264; x_wconf 83' lang='lat' dir='ltr'>t</span> <span class='ocrx_word' id='word_1_110' title='bbox 547 2216 596 2266; x_wconf 87' lang='lat' dir='ltr'>hoc</span> <span class='ocrx_word' id='word_1_111' title='bbox 609 2217 662 2267; x_wconf 87' lang='lat' dir='ltr'>illis</span> <span class='ocrx_word' id='word_1_112' title='bbox 676 2215 743 2266; x_wconf 89' lang='lat' dir='ltr'>curia</span> <span class='ocrx_word' id='word_1_113' title='bbox 756 2215 904 2280; x_wconf 77' lang='lat' dir='ltr'>templumt</span> 
     </span>
     <span class='ocr_line' id='line_1_19' title="bbox 243 2285 807 2351; baseline 0.004 -15"><span class='ocrx_word' id='word_1_114' title='bbox 243 2286 306 2337; x_wconf 75' lang='lat' dir='ltr'>Herc</span> <span class='ocrx_word' id='word_1_115' title='bbox 319 2285 390 2336; x_wconf 86' lang='lat' dir='ltr'>sacris</span> <span class='ocrx_word' id='word_1_116' title='bbox 403 2285 471 2338; x_wconf 88' lang='lat' dir='ltr'>sedes</span> <span class='ocrx_word' id='word_1_117' title='bbox 485 2287 565 2351; x_wconf 85' lang='lat' dir='ltr'>epulis</span> <span class='ocrx_word' id='word_1_118' title='bbox 578 2305 585 2336; x_wconf 89' lang='lat'><strong>:</strong></span> <span class='ocrx_word' id='word_1_119' title='bbox 598 2287 641 2337; x_wconf 88' lang='lat' dir='ltr'>hle</span> <span class='ocrx_word' id='word_1_120' title='bbox 654 2290 731 2337; x_wconf 88' lang='lat' dir='ltr'>ariete</span> <span class='ocrx_word' id='word_1_121' title='bbox 744 2287 807 2338; x_wconf 85' lang='lat' dir='ltr'>caeso</span> 
     </span>
    </p>
   </div>
   <div class='ocr_carea' id='block_1_6' title="bbox 165 2363 919 3001">
    <p class='ocr_par' dir='ltr' id='par_1_7' title="bbox 165 2363 919 3001">
     <span class='ocr_line' id='line_1_20' title="bbox 243 2363 803 2431; baseline 0.005 -16"><span class='ocrx_word' id='word_1_122' title='bbox 243 2363 372 2427; x_wconf 77' lang='lat' dir='ltr'>Perpetuis</span> <span class='ocrx_word' id='word_1_123' title='bbox 384 2363 452 2416; x_wconf 87' lang='lat' dir='ltr'>soliti</span> <span class='ocrx_word' id='word_1_124' title='bbox 466 2380 546 2431; x_wconf 79' lang='lat' dir='ltr'>patres</span> <span class='ocrx_word' id='word_1_125' title='bbox 559 2364 685 2415; x_wconf 81' lang='lat' dir='ltr'>confidete</span> <span class='ocrx_word' id='word_1_126' title='bbox 699 2364 803 2419; x_wconf 81' lang='lat' dir='ltr'>menlis.</span> 
     </span>
     <span class='ocr_line' id='line_1_21' title="bbox 242 2448 911 2514; baseline 0.013 -19"><span class='ocrx_word' id='word_1_127' title='bbox 242 2448 317 2509; x_wconf 76' lang='lat' dir='ltr'>Quin</span> <span class='ocrx_word' id='word_1_128' title='bbox 329 2449 408 2498; x_wconf 84' lang='lat' dir='ltr'>etiarn</span> <span class='ocrx_word' id='word_1_129' title='bbox 419 2467 533 2502; x_wconf 85' lang='lat' dir='ltr'>veterum</span> <span class='ocrx_word' id='word_1_130' title='bbox 545 2449 643 2514; x_wconf 83' lang='lat' dir='ltr'>effigies</span> <span class='ocrx_word' id='word_1_131' title='bbox 655 2465 689 2500; x_wconf 83' lang='lat' dir='ltr'>ex</span> <span class='ocrx_word' id='word_1_132' title='bbox 702 2451 792 2503; x_wconf 90' lang='lat' dir='ltr'>ordine</span> <span class='ocrx_word' id='word_1_133' title='bbox 805 2466 911 2504; x_wconf 78' lang='lat' dir='ltr'>avorum</span> 
     </span>
     <span class='ocr_line' id='line_1_22' title="bbox 245 2523 912 2595; baseline 0.004 -17"><span class='ocrx_word' id='word_1_134' title='bbox 245 2523 384 2585; x_wconf 73' lang='lat' dir='ltr'>Antiquae</span> <span class='ocrx_word' id='word_1_135' title='bbox 396 2528 472 2579; x_wconf 89' lang='lat' dir='ltr'>cedro</span> <span class='ocrx_word' id='word_1_136' title='bbox 483 2545 491 2578; x_wconf 81' lang='lat' dir='ltr'>s</span> <span class='ocrx_word' id='word_1_137' title='bbox 503 2527 645 2592; x_wconf 74' lang='lat' dir='ltr'>lutusque,</span> <span class='ocrx_word' id='word_1_138' title='bbox 659 2542 774 2593; x_wconf 71' lang='lat' dir='ltr'>paterque</span> <span class='ocrx_word' id='word_1_139' title='bbox 785 2527 889 2584; x_wconf 83' lang='lat' dir='ltr'>sabinus</span> <span class='ocrx_word' id='word_1_140' title='bbox 901 2563 912 2595; x_wconf 93' lang='lat'>‚</span> 
     </span>
     <span class='ocr_line' id='line_1_23' title="bbox 244 2605 919 2679; baseline 0.013 -25"><span class='ocrx_word' id='word_1_141' title='bbox 244 2605 389 2667; x_wconf 76' lang='lat' dir='ltr'>vitisator,</span> <span class='ocrx_word' id='word_1_142' title='bbox 403 2626 504 2660; x_wconf 77' lang='lat' dir='ltr'>urrvrm</span> <span class='ocrx_word' id='word_1_143' title='bbox 516 2609 615 2661; x_wconf 83' lang='lat' dir='ltr'>servans</span> <span class='ocrx_word' id='word_1_144' title='bbox 627 2607 668 2660; x_wconf 80' lang='lat' dir='ltr'>sub</span> <span class='ocrx_word' id='word_1_145' title='bbox 681 2609 794 2674; x_wconf 78' lang='lat' dir='ltr'>imagine</span> <span class='ocrx_word' id='word_1_146' title='bbox 806 2611 919 2679; x_wconf 84' lang='lat' dir='ltr'>falcem,</span> 
     </span>
     <span class='ocr_line' id='line_1_24' title="bbox 165 2685 871 2767; baseline 0.011 -32"><span class='ocrx_word' id='word_1_147' title='bbox 165 2752 176 2767; x_wconf 29' lang='grc' dir='ltr'><em>α</em></span> <span class='ocrx_word' id='word_1_148' title='bbox 244 2685 406 2750; x_wconf 76' lang='lat' dir='ltr'>stturnusque</span> <span class='ocrx_word' id='word_1_149' title='bbox 421 2688 516 2751; x_wconf 83' lang='lat' dir='ltr'>senex,</span> <span class='ocrx_word' id='word_1_150' title='bbox 533 2691 638 2755; x_wconf 61' lang='lat' dir='ltr'>sanique</span> <span class='ocrx_word' id='word_1_151' title='bbox 654 2689 771 2742; x_wconf 78' lang='lat' dir='ltr'>bifrontis</span> <span class='ocrx_word' id='word_1_152' title='bbox 784 2691 871 2760; x_wconf 72' lang='lat' dir='ltr'>inungo</span> 
     </span>
     <span class='ocr_line' id='line_1_25' title="bbox 243 2768 892 2845; baseline 0.014 -23"><span class='ocrx_word' id='word_1_153' title='bbox 243 2768 376 2822; x_wconf 77' lang='lat' dir='ltr'>vestibulo</span> <span class='ocrx_word' id='word_1_154' title='bbox 389 2770 494 2823; x_wconf 73' lang='lat' dir='ltr'>astsbmt</span> <span class='ocrx_word' id='word_1_155' title='bbox 508 2790 516 2824; x_wconf 81' lang='lat' dir='ltr'>r</span> <span class='ocrx_word' id='word_1_156' title='bbox 530 2775 624 2839; x_wconf 76' lang='lat' dir='ltr'>aliique</span> <span class='ocrx_word' id='word_1_157' title='bbox 637 2774 667 2827; x_wconf 88' lang='lat' dir='ltr'>ab</span> <span class='ocrx_word' id='word_1_158' title='bbox 681 2776 781 2842; x_wconf 87' lang='lat' dir='ltr'>origine</span> <span class='ocrx_word' id='word_1_159' title='bbox 795 2791 866 2845; x_wconf 86' lang='lat' dir='ltr'>reges</span> <span class='ocrx_word' id='word_1_160' title='bbox 880 2809 892 2842; x_wconf 88' lang='lat'>‚</span> 
     </span>
     <span class='ocr_line' id='line_1_26' title="bbox 242 2845 913 2922; baseline 0.021 -24"><span class='ocrx_word' id='word_1_161' title='bbox 242 2845 342 2898; x_wconf 72' lang='lat' dir='ltr'>Marna</span> <span class='ocrx_word' id='word_1_162' title='bbox 351 2845 394 2908; x_wconf 89' lang='lat' dir='ltr'>qui</span> <span class='ocrx_word' id='word_1_163' title='bbox 405 2845 438 2896; x_wconf 87' lang='lat' dir='ltr'>ob</span> <span class='ocrx_word' id='word_1_164' title='bbox 452 2850 559 2911; x_wconf 77' lang='lat' dir='ltr'>patriam</span> <span class='ocrx_word' id='word_1_165' title='bbox 572 2855 706 2918; x_wconf 83' lang='lat' dir='ltr'>pugnando</span> <span class='ocrx_word' id='word_1_166' title='bbox 717 2856 820 2907; x_wconf 75' lang='lat' dir='ltr'>vulnera</span> <span class='ocrx_word' id='word_1_167' title='bbox 832 2859 887 2922; x_wconf 79' lang='lat' dir='ltr'>paru</span> <span class='ocrx_word' id='word_1_168' title='bbox 902 2877 913 2915; x_wconf 83' lang='lat' dir='ltr'>a</span> 
     </span>
     <span class='ocr_line' id='line_1_27' title="bbox 223 2923 856 3001; baseline 0.021 -24"><span class='ocrx_word' id='word_1_169' title='bbox 223 2923 856 3001; x_wconf 65' lang='lat' dir='ltr'>ulunqoepratereasaeruinnoulburrma,</span> 
     </span>
    </p>
   </div>
   <div class='ocr_carea' id='block_1_7' title="bbox 199 3168 431 3404">
    <p class='ocr_par' dir='ltr' id='par_1_8' title="bbox 199 3168 436 3404">
     <span class='ocr_line' id='line_1_28' title="bbox 199 3168 431 3404; baseline -0.131 0"><span class='ocrx_word' id='word_1_170' title='bbox 199 3168 431 3404; x_wconf 67' lang='grc' dir='ltr'>Λ</span> 
     </span>
    </p>
   </div>
   <div class='ocr_carea' id='block_1_8' title="bbox 0 0 1126 3875">
    <p class='ocr_par' dir='ltr' id='par_1_9' title="bbox 0 0 1126 3875">
     <span class='ocr_line' id='line_1_29' title="bbox 0 0 1126 3875; baseline 0 0"><span class='ocrx_word' id='word_1_171' title='bbox 0 0 1126 3875; x_wconf 95' lang='lat' dir='ltr'> </span> 
     </span>
    </p>
   </div>
  </div>
 </body>
</html>
