2242 3875
213 563 255 620 66
406 552 755 621 'AENEIDOS

210 707 311 769 Sceptra
322 702 430 756 Palatini
442 735 452 765 ‚
462 702 597 768 sedemque
608 706 701 770 petivit
713 704 836 759 Evandri.

211 782 271 833 Nec
285 778 357 831 satis:
371 793 497 830 extremas
514 780 608 844 coryti
618 779 758 844 penetravit
770 780 801 831 ad
811 778 882 833 urbes
898 791 916 847 ,ἵ

210 853 391 917 Lydorumque
406 869 511 903 manum
526 855 647 905 colledos
663 870 742 906 armat
759 858 873 920 agrestes.

211 936 285 1001 Quid
295 935 413 989 dubitas?
427 953 493 988 nunc
506 951 606 1004 tempus
618 954 712 1003 equor,
728 954 794 988 nunc
802 937 908 1004 ‚poscere

312 1033 413 1068 currus}

211 1094 314 1158 Rumpe
324 1101 411 1144 'moras
426 1109 515 1144 omnes
526 1123 535 1154 ,
547 1095 575 1143 dc
588 1092 685 1145 turbata
697 1093 777 1157 arripe
790 1094 875 1148 castra.

209 1173 308 1230 Dixit,
325 1173 351 1221 δι
365 1173 393 1221 in
405 1173 509 1223 Coelum
522 1168 619 1233 paribus
632 1170 658 1220 se
673 1170 768 1222 sustulit
782 1171 849 1232 alis,

210 1252 395 1313 ingentemque
411 1248 469 1313 fugi
483 1246 561 1297 secuit
574 1247 616 1298 sub
630 1246 734 1298 nubibus
748 1263 843 1311 arcum.

210 1327 331 1393 Agnovit
344 1325 460 1391 iuvetur,
474 1326 631 1391 duplicesque
646 1328 677 1380 ad
691 1328 769 1379 srdera
778 1330 873 1391 palmas

209 1413 327 1472 Sustulit,
341 1410 368 1461 δι
383 1410 430 1459 tali
442 1411 585 1476 fugientem
597 1411 632 1461 est
644 1426 706 1462 voce
720 1408 831 1462 secutur:

208 1489 264 1550 Iri,
276 1489 351 1541 decus
362 1487 450 1546 coeli,
463 1485 519 1549 quir
530 1498 555 1536 te
567 1485 636 1537 milri
648 1483 752 1536 nubibus
768 1484 848 1535 ariam

209 1569 312 1620 Detulit
329 1568 357 1618 in
371 1581 448 1618 terras
458 1564 470 1614 ἓ
481 1563 548 1616 unde
560 1565 615 1616 hec
627 1580 681 1617 tam
692 1566 759 1617 clara
769 1580 872 1631 repente

209 1652 377 1717 Tempestas?
391 1651 468 1703 video
481 1650 597 1701 medium
610 1652 738 1704 discedere
753 1649 856 1707 coelum
867 1690 878 1718 ,

207 1725 368 1788 Palantesque
379 1727 439 1788 polo
452 1728 547 1776 stellas:
563 1726 651 1790 sequor
662 1728 751 1778 omina
767 1730 856 1790 tanta,

207 1806 326 1871 Qusquis
337 1808 365 1857 iu
377 1823 446 1858 arma
459 1825 543 1862 vocar.
554 1812 586 1861 Et
598 1809 630 1861 sic
641 1810 728 1861 effatur
742 1810 774 1861 ad
784 1812 879 1864 undam

205 1884 338 1944 Processit,
352 1880 501 1947 summoque
516 1882 595 1935 hausit
607 1884 639 1936 de
653 1885 754 1952 gurgite
767 1890 901 1956 lymphas,

205 1957 290 2017 Multa
302 1962 373 2014 Deos
386 1977 459 2012 orant
470 1992 479 2023 ‚
492 1960 655 2024 oneravitque
672 1957 765 2016 aethera
775 1967 855 2020 votis.

229 2115 334 2179 Jamque
350 2114 435 2165 omnis
450 2117 543 2180 campie
559 2114 685 2168 exercitur
700 2111 752 2168 ibat
765 2114 875 2183 apertis,

200 2195 283 2248 Dives
296 2193 408 2258 equium,
421 2193 493 2248 diver
506 2196 583 2260 pietat
599 2196 673 2250 vellir
694 2195 722 2246 8:
741 2196 805 2247 auri.

201 2275 323 2338 Messapus
338 2276 431 2339 primar
443 2277 523 2334 acies,
539 2276 662 2336 postrema
676 2272 794 2324 eo‘e‘rcenr

200 2350 335 2412 Tyrrhidae
355 2351 474 2412 iuvenes:
488 2347 578 2398 medio
591 2348 643 2398 dux
657 2349 761 2411 agmine
774 2352 887 2400 Turnus>
909 2411 912 2418 Ι

200 2428 319 2478 Vertitur
333 2441 402 2475 anna
415 2438 523 2482 tenens,
537 2425 565 2472 δι
576 2436 633 2472 toto
646 2421 742 2471 vertice
751 2419 822 2484 supra
834 2425 877 2473 cst.
890 2432 893 2440 ·

199 2505 254 2554 Ceu
263 2497 358 2562 septem
367 2495 469 2560 surgens
486 2494 576 2547 sedatis
589 2492 705 2546 amnibus
720 2494 785 2544 altus

198 2584 247 2634 Per
263 2579 368 2632 tacitum
379 2578 485 2643 Ganges
500 2608 509 2639 ‚
525 2592 568 2629 aut
582 2575 669 2642 pingui
682 2571 790 2626 flumine
801 2575 908 2648 Nilur,·

196 2653 267 2716 clun
276 2653 360 2710 refluit
373 2653 486 2719 campie,
500 2653 527 2704 dc
544 2652 598 2716 iam
612 2649 637 2704 se
652 2647 769 2701 condidit
785 2651 869 2708 alveo.

223 2811 276 2868 illc
289 2807 395 2863 subitam
410 2807 486 2874 nigro
502 2804 640 2873 glomerari
651 2805 755 2870 pulvere
770 2803 869 2857 nubem

193 2892 350 2961 Prospiciuut
362 2888 457 2947 Teucri
465 2884 628 2952 ,actcucbrar
640 2883 769 2953 insurgere
788 2884 894 2950 campis·

100 3256 193 3400 Ἰ
