2242 3875
208 597 248 645 12
377 574 704 643 'AENEIDOS

201 720 302 776 Divitis
314 720 375 775 uber
385 715 460 791 agri,
475 723 597 787 Troiaeve
610 716 737 788 opulentia
749 718 844 773 deerit·

204 800 260 867 Ipse
271 802 351 854 monn
365 805 460 858 AEneat
474 803 485 865 i
498 804 573 854 nostri
585 802 605 854 si
617 817 686 854 tanta
696 799 784 866 cupido
797 800 831 850 est
843 826 854 859 ‚

204 878 233 930 Si
248 877 320 945 iungi
333 881 443 947 hospitio
458 895 592 945 properat,
610 877 733 942 sociusque
745 875 853 941 vocari]

207 955 361 1018 Adveniat,
377 961 460 1010 vultus
474 974 538 1009 neve
550 956 707 1008 exhorrescat
719 956 813 1006 amicos
827 973 836 1006 t

207 1035 266 1085 Pars
275 1036 340 1087 mihi
350 1036 415 1100 pacit
423 1036 472 1086 erit
486 1036 604 1085 dextram
611 1034 719 1106 tetigisse
727 1032 827 1096 tyranni
838 1049 847 1082 t

208 1115 266 1165 Vot
279 1128 366 1165 contra
379 1114 433 1178 regi
447 1126 505 1163 mea
520 1127 586 1162 nune
600 1112 716 1163 mandata
730 1114 830 1163 referte.

209 1199 250 1251 Est
258 1198 323 1248 mihi
333 1210 406 1255 nata,
418 1192 475 1247 viro
485 1197 568 1261 gentis
576 1211 651 1259 quam
662 1199 765 1262 jungere
774 1200 861 1250 nostrae
932 1193 935 1202 ’

209 1282 273 1334 Non
282 1280 362 1343 patrio
372 1294 406 1329 ex
415 1277 490 1341 adyto
497 1275 590 1333 sortes.
603 1291 655 1327 non
664 1275 772 1339 plurima
781 1280 858 1330 Coelo

210 1352 324 1409 Monstra
331 1353 412 1405 sinunt
422 1371 429 1405 ε
439 1368 544 1421 generos
552 1351 664 1404 externis
672 1350 748 1402 affore
759 1349 788 1401 ab
799 1354 850 1403 orit
861 1383 871 1414 ,

211 1436 270 1486 noc
278 1436 352 1488 Latio
361 1438 447 1487 restare
455 1448 546 1486 canunt
554 1465 563 1493 ‚
571 1434 614 1496 qui
622 1432 740 1498 sanguine
749 1434 859 1486 nostrum

212 1516 320 1568 Nomen
327 1521 355 1568 in
363 1519 421 1568 astra
428 1518 510 1568 ferant
521 1532 528 1565 ε
538 1514 688 1566 huncillum
694 1510 793 1577 poscere
800 1516 850 1568 sata

213 1591 247 1643 Et
256 1606 329 1651 teor,
338 1592 365 1643 δι
372 1623 381 1651 ,
389 1589 408 1642 fi
415 1590 475 1655 qnid
482 1589 538 1641 veti
546 1602 618 1641 mena
625 1601 727 1654 augurat
735 1618 744 1649 ‚
751 1601 823 1654 opto.

247 1744 309 1792 Hec
317 1742 403 1792 effatus
410 1754 486 1802 eqnoa
495 1753 601 1788 numero
608 1751 676 1801 pater
683 1738 758 1803 eligit
766 1742 857 1796 omnia

215 1815 317 1868 Stabant
330 1828 471 1866 tercentum
484 1813 561 1862 nitidi
577 1813 605 1861 in
620 1811 761 1877 praesepibus
775 1818 843 1869 altit.

218 1893 346 1947 Omnibus
359 1893 490 1956 extemplo
502 1890 608 1942 Teucris
621 1889 688 1953 jubet
699 1893 788 1946 ordint
801 1895 859 1951 dud
898 1933 900 1939 .

217 1973 334 2023 Instratos
350 1973 414 2021 ostro
427 1967 536 2033 alipedes
551 1966 669 2030 pictisque
684 1969 781 2033 tapetis.

219 2058 305 2107 Aurea
316 2047 454 2117 pectoribus
466 2051 570 2102 demissa
583 2050 692 2100 monilia
704 2053 814 2116 pendent
827 2070 837 2120 3

218 2130 296 2184 'reni
305 2146 366 2181 auro
376 2158 385 2188 ,
394 2128 493 2178 fulvum
502 2127 627 2179 mandunt
636 2126 679 2179 sub
688 2129 802 2184 dentibus
811 2148 911 2192 autum.

220 2207 329 2263 Absenti
343 2211 434 2259 AEneae
447 2222 546 2257 currum
560 2236 569 2266 ,
586 2206 748 2272 geminosque
762 2209 857 2277 iugalea

218 2292 323 2344 Sernine
337 2288 367 2340 ab
382 2289 506 2347 etherio,
523 2287 643 2351 spirantes
656 2287 754 2340 natibus
764 2290 854 2355 ignem
868 2323 881 2355 ,

220 2369 330 2419 Illorum
341 2367 374 2416 de
387 2380 463 2430 gente
474 2395 483 2422 ‚
496 2364 559 2427 patri
573 2377 634 2424 quoa
646 2365 752 2416 Dedala
766 2368 839 2422 circe

222 2436 345 2500 suppofita
359 2436 391 2487 de
405 2452 485 2488 matre
497 2437 588 2487 nothos
600 2438 678 2487 furata
690 2440 799 2491 creavit..

222 2509 328 2561 Talibus
343 2514 464 2563 AEneadae
478 2513 552 2564 donis
564 2541 573 2570 ‚
585 2511 704 2576 dictisque
717 2513 803 2567 Latini
819 2540 830 2573 ‚

221 2584 380 2641 Sublimtain
388 2591 458 2655 equit
466 2589 589 2652 redeunt,
603 2605 735 2656 pacemque
743 2603 879 2654 reponant.

254 2743 317 2794 Ecce
329 2756 413 2795 autern
428 2745 535 2797 Inachiis
549 2742 600 2798 sese
613 2742 733 2798 referebat
744 2742 774 2797 ab
788 2749 868 2815 Argia

223 2823 293 2874 Saeva
302 2825 373 2879 Jovia
385 2825 497 2887 coniux,
512 2824 626 2891 aurasque
637 2825 735 2878 intesta
746 2824 846 2879 tenebat
858 2844 867 2879 t

224 2905 258 2961 Et
274 2908 361 2963 letam
373 2911 477 2964 AEnean
489 2911 634 2976 classemque
646 2924 681 2964 ex
693 2910 784 2963 aethete
796 2909 875 2979 longe
