2242 3875
246 551 290 625 ''4'6
448 546 749 615 'AENElDOS

241 715 376 773 Servasire
390 715 476 769 dienu
493 716 635 785 primusque
646 715 751 769 Potitius
762 709 865 777 atuor,

234 777 278 843 'Et
292 791 384 843 domus
398 793 519 846 Herculei
535 796 611 845 custos
626 791 728 845 Pinaria
741 787 821 847 satri,

242 872 317 921 Hanc
329 882 398 921 atam
412 873 469 923 luco
481 872 581 933 statuit,
596 885 648 935 quae
663 865 780 923 Maxima
793 863 890 930 semper

243 948 351 1001 Dicetur
361 947 454 1011 nobis,
468 951 496 1001 dc
510 950 559 1003 crit
574 964 627 1011 quae
639 944 754 1001 Maxima
766 946 874 1011 semper.

245 1030 332 1094 Quare
348 1030 417 1095 agite
432 1029 473 1090 ,ὁ
490 1029 594 1093 iuvenes
610 1058 619 1089 ,
637 1040 764 1088 tanatum
781 1022 810 1075 in
831 1031 939 1075 munere

335 1101 440 1152 laudum

246 1179 353 1245 cingite
363 1178 453 1229 fronde
464 1190 565 1236 eomas,
575 1177 602 1227 8c
616 1176 704 1241 pocula
715 1174 815 1239 porgite
822 1172 937 1239 dextris,

245 1260 468 1317 communemque
477 1264 567 1305 vocate
576 1247 940 1314 Deum‚&datevinavoleu·

260 1355 264 1364 ·
339 1340 388 1379 tes.

151 1432 155 1437 ·
246 1403 374 1459 Dixerat:
388 1404 513 1458 Herculei
527 1405 625 1457 bicolor
639 1401 699 1458 cism
713 1407 818 1472 populus
832 1403 923 1458 umbri

167 1549 170 1555 Ι
248 1482 403 1546 Velavitque
418 1498 520 1543 comas,
535 1482 651 1546 foliisque
663 1482 759 1533 innexa
772 1482 909 1547 pependit,

249 1567 284 1619 Et
295 1564 362 1617 sacer
371 1567 492 1631 implevit
505 1567 623 1621 dextram
639 1566 758 1633 scyphus:
775 1568 843 1618 ocius
853 1581 944 1622 omnes

247 1644 282 1697 In
296 1646 410 1699 mensam
421 1650 475 1702 laeti
492 1647 593 1710 libant,
604 1647 734 1712 Divosque
748 1661 887 1713 precantur·
905 1661 908 1665 ⁴

277 1823 388 1889 Devexo
402 1824 499 1875 interea
512 1824 615 1888 propior
626 1819 657 1876 fit
669 1821 755 1887 vesper
766 1822 895 1885 Olympos

248 1903 354 1966 Jamque
367 1900 525 1967 sacerdotes,
538 1902 680 1970 primusque
689 1902 795 1956 Potitius
804 1931 813 1963 ,
823 1898 908 1961 ibant,
950 1930 953 1933 ι

251 1980 365 2033 Pellibus
379 1982 407 2032 in
419 1998 520 2033 morem
534 1981 629 2040 cincti,
643 1977 806 2041 flammasque
820 1975 944 2030 ferebant·

250 2060 389 2112 instaurant
404 2064 506 2127 epulas,
524 2063 551 2113 δι
566 2057 658 2112 mensae
670 2073 739 2126 grata
752 2056 862 2109 secuudae
882 2049 885 2057 ’

253 2139 331 2192 Dona
345 2144 444 2205 ferunt,
459 2146 634 2208 cumulansque
648 2142 757 2194 oneratis
766 2138 876 2192 lancibus
883 2150 953 2191 atasc

252 2222 326 2274 Tum
339 2225 401 2277 Salii
414 2225 445 2276 ad
457 2240 543 2277 cantus
552 2255 562 2285 ,
572 2224 673 2277 incensa
687 2223 775 2277 altaria
785 2218 901 2281 circum,

251 2302 370 2365 Popuieis
380 2301 468 2354 adsunt
481 2299 577 2350 evinuii
590 2313 705 2361 tempora
715 2298 808 2346 ramis:

254 2383 307 2435 llic
321 2382 445 2444 iuvenum
466 2380 577 2435 chorus,
594 2377 642 2424 ille
654 2375 742 2426 senum
757 2404 766 2435 ,
778 2375 821 2436 qui
834 2374 947 2428 tumne

295 2484 298 2491 ·
327 2463 329 2469 ’
346 2456 432 2505 laudes

254 2529 411 2588 Herculeas,
427 2527 454 2578 8ι
470 2524 533 2577 fasta
548 2522 647 2575 fetant:
661 2536 690 2574 ut
705 2523 788 2589 prima
799 2530 929 2578 nosetcae‘

255 2606 368 2662 uomita
380 2619 474 2665 manu,
486 2599 650 2668 geminosque
662 2618 778 2668 prensens
790 2603 893 2660 eliserit
900 2624 957 2662 aum

256 2763 295 2810 Ut
310 2697 509 2821 beffiaegoegiu
523 2753 595 2806 idem
606 2753 735 2819 disiecerit
747 2755 838 2819 urbes,

257 2836 412 2900 Troiamque
419 2864 427 2893 ‚
435 2832 632 2895 OEchaliamque:
641 2849 668 2884 ut
675 2832 750 2885 duros
756 2835 829 2889 mille
840 2836 948 2904 labores,

256 2914 329 2979 Rege
342 2910 385 2977 sub
395 2911 547 2974 Eurystheo,
559 2908 617 2964 fatis
631 2907 859 2976 junonemque,
