2242 3875
333 532 491 593 erunt
520 511 764 596 uncinus.
841 546 906 610 my

223 686 263 735 At
276 684 401 738 Rutulum
411 687 514 739 obscell'u
523 689 622 753 iuvenis
630 702 685 739 turn
694 689 751 750 iolla
763 688 862 753 superbe

223 759 345 822 Miratus,
360 765 438 829 stupet
451 767 480 816 in
496 772 607 827 Turno,
621 766 754 831 corpusque
769 770 909 833 peringens

222 837 336 887 Lumina
347 839 449 898 volvit,
459 840 561 905 obitque
572 843 636 893 truci
650 844 736 906 procul
750 843 838 894 omnic
845 839 909 893 visu.

222 910 328 963 Talibus
345 915 371 964 dc
385 914 459 967 dictis
475 919 495 969 it
511 918 679 970 contradicta
694 920 809 981 tyranni:

222 993 281 1041 Aut
296 990 382 1055 spolii·
396 1009 445 1061 ego
460 996 512 1059 iarn
525 998 600 1063 raptis
615 996 733 1049 laudabor
746 997 860 1064 opimis,

221 1080 278 1128 Aut
291 1079 361 1130 letho
372 1078 465 1145 indigni
477 1098 484 1129 ε
497 1080 559 1153 sorti
573 1096 643 1147 puter
659 1096 741 1144 equus
759 1082 857 1145 utrique
866 1079 910 1132 est.

220 1157 301 1209 Tolle
316 1158 493 1211 triumfauit
506 1161 623 1211 medium
639 1160 753 1226 procedit
765 1160 794 1210 in
808 1174 911 1222 equore

220 1232 337 1301 Frigidus
349 1234 486 1290 Arcadibus
497 1238 548 1291 coit
562 1240 590 1289 in
601 1240 735 1304 precordia
748 1237 857 1305 sanguis.

247 1387 359 1442 Deliluit
368 1393 470 1442 Turnus
483 1387 575 1457 biiugis
586 1412 593 1457 3
608 1392 682 1456 pedes
695 1404 794 1457 apparet
806 1391 845 1442 ire

217 1466 357 1519 Cominus:
370 1480 446 1529 utque
456 1469 515 1529 leo,
525 1468 689 1533 specularium
698 1469 766 1520 vidit
781 1466 811 1518 ab
819 1470 870 1519 alta

215 1545 289 1594 Stare
302 1544 388 1605 procul
403 1543 496 1606 campis
509 1543 678 1595 meditantem
693 1546 777 1608 praelia
787 1557 909 1606 courum,

214 1623 353 1689 Advolrt3
366 1624 433 1676 haud
444 1625 494 1675 alia
504 1628 537 1676 est
549 1626 633 1678 Turni
645 1625 772 1677 venientis
781 1626 880 1690 imago.

214 1702 293 1752 Hune
304 1699 348 1752 ubi
362 1701 511 1767 contiguum
524 1702 602 1754 mill'ae
615 1706 670 1755 fore
684 1702 792 1755 credidit
805 1704 893 1766 hrstoe,

214 1784 256 1834 Ire
271 1784 340 1848 prior
351 1784 449 1843 Pallas,
463 1779 540 1846 liqui
552 1786 604 1834 fors
614 1782 716 1846 adjuvet
729 1780 815 1833 austun

214 1861 320 1917 Viribus
326 1862 464 1929 imparibus
471 1893 480 1924 ,
487 1875 658 1929 magnumque
670 1861 708 1912 ita
720 1860 752 1912 ed
763 1861 856 1913 aetbert
865 1862 905 1912 ft·

305 1954 364 1989 rurs

211 2017 262 2069 Pet
271 2017 346 2079 patris
355 2014 502 2080 hospitium,
510 2012 903 2076 &mensas,quasadvenstdisti‚

212 2099 257 2149 Te
270 2110 375 2159 precor,
388 2096 496 2154 Alcide,
511 2096 598 2159 coeptis
610 2092 754 2159 ingentibus
769 2091 842 2143 adsit.

212 2181 311 2228 Cernat
322 2171 442 2223 semineci
455 2172 499 2224 sibi
514 2187 557 2222 me
572 2187 655 2236 rapere
666 2188 734 2221 arma
748 2187 865 2232 cruenta,

211 2250 398 2314 Vidiorernque
408 2254 490 2302 ferant
504 2251 641 2301 morientia
655 2251 752 2300 lumina
764 2253 858 2302 Turni.

211 2329 308 2383 Audiit
323 2326 426 2380 Alcides
442 2325 580 2388 iuvenem,
593 2332 762 2390 magnumque
775 2324 817 2377 sub
828 2327 899 2386 into·

210 2405 297 2460 Corde
307 2404 401 2470 premit
411 2404 553 2470 gemitum,
565 2403 731 2468 lacrymasque
740 2404 829 2458 effudit
842 2406 900 2460 ine*

303 2497 357 2533 nes.

212 2559 288 2612 'rum
303 2559 403 2625 genitor
419 2570 508 2606 natum
520 2553 593 2608 dieis
606 2555 692 2607 affatur
704 2555 812 2609 amieis:
890 2576 896 2589 ·

210 2646 266 2694 Stat
277 2637 318 2688 sua
327 2637 413 2700 cuique
425 2636 496 2686 dies:
509 2632 586 2684 breve
597 2634 789 2699 &irreparabile
799 2649 899 2701 ternpus

211 2716 340 2773 omnibus
350 2715 383 2767 est
395 2717 469 2778 vitae3
484 2713 526 2766 sed
536 2717 631 2765 famam
644 2714 779 2766 extendere
793 2716 864 2765 fanis
871 2743 894 2775 ,-

210 2801 271 2850 Hoc
285 2792 385 2843 virtutis
396 2807 466 2856 opus.
481 2789 568 2854 Troiae
581 2786 624 2839 sub
636 2784 760 2839 monibus
777 2790 836 2840 altis

210 2879 270 2929 Tor
285 2869 356 2936 gnari
373 2865 481 2921 cecidire
490 2865 597 2923 Deum:
611 2865 672 2927 quin
687 2863 779 2918 occidit
794 2860 845 2915 uni
886 2858 893 2873 ”
